2400 3984
131 77 152 141 6
403 93 622 153 oursrmrrur
644 96 733 144 rusr.
756 96 812 144 oa.

131 267 250 328 rerum,
281 245 336 309 sed
363 245 458 309 rebus
479 244 632 311 incendit.
681 245 795 310 vivunt
822 247 930 311 omnia
951 249 1039 313 enim
1060 257 1094 315 et

131 331 314 412 moventur,
352 328 587 413 excipimusque
614 349 698 394 nova
724 330 781 394 illa
808 331 896 395 velut
923 335 1093 397 nascentia

133 435 205 477 cum
231 413 341 476 favore
363 433 401 477 ac
423 412 646 477 sollicitudine.
690 435 751 478 nee
771 414 903 479 fortuna
923 415 1016 480 modo
1046 418 1093 481 iu·

133 496 224 579 dicii,
254 496 309 560 sed
337 498 434 561 etiam
460 497 602 580 ipsorum
624 497 795 580 quierant
822 499 964 582 periculo
985 500 1093 564 adfici-

87 591 122 654 17
133 602 213 644 mur.
257 583 386 665 praeter
406 579 486 645 haec
506 601 583 662 vox,
614 582 698 645 actio
720 581 850 663 decora,
880 585 1092 667 commodata,

130 668 167 730 ut
189 666 320 748 quisque
341 665 428 728 locus
442 664 627 747 postulabit,
649 665 887 748 pronuntiandi,
909 667 960 730 vel
981 671 1093 750 poten·

131 749 256 813 tissima
270 749 307 811 in
321 747 466 829 dicendo,
490 748 572 811 ratio
594 751 636 830 et,
658 752 695 813 ut
716 748 813 813 semel
835 749 949 832 dicam,
971 752 1094 834 pariter

132 832 240 896 omnia
260 832 385 896 docent.
414 832 450 895 in
465 831 602 896 lectione
618 831 734 896 certius
749 832 910 916 iudicium,
933 835 1017 917 quod
1039 857 1093 899 au·

135 916 235 980 dienti
256 915 304 979 fre
327 918 441 979 uenter
462 919 517 979 aut
533 937 612 983 suus
635 916 747 999 cuique
768 915 859 980 favor
880 921 937 980 aut
956 917 1010 981 ille
1025 919 1093 983 lau·

87 992 123 1056 18
134 1000 280 1064 dantium
303 936 421 1064 iiamor
447 1002 623 1083 extorquet.
672 1000 771 1083 pudet
798 1001 884 1064 enim
911 1000 1091 1085 dissentire,

134 1087 166 1149 et
195 1083 283 1147 velut
309 1083 410 1147 tacita
437 1083 573 1166 quadam
599 1083 791 1147 verecundia
817 1083 999 1149 inhibemur
1020 1086 1093 1170 plus

131 1168 225 1232 nobis
248 1167 390 1250 credere,
421 1188 493 1230 cum
513 1167 644 1230 interim
666 1169 699 1229 et
720 1167 835 1231 vitiosa
855 1167 1000 1252 pluribus
1024 1170 1092 1253 pla-

133 1255 215 1334 cent,
239 1254 271 1315 et
293 1250 509 1335 aconrogatis
531 1250 703 1315 laudantur
717 1251 812 1314 etiam
834 1271 915 1334 quae
936 1273 1003 1316 non
1023 1253 1093 1335 pla·

87 1328 218 1401 l9cent.
268 1334 324 1399 sed
353 1335 548 1399 contrarium
580 1355 704 1417 quoque
737 1335 867 1416 accidit,
902 1339 939 1399 ut
971 1338 1092 1419 optime

131 1419 224 1484 dictis
252 1419 392 1503 gratiam
423 1439 522 1501 prava
549 1417 666 1482 iudicia
697 1439 764 1481 non
793 1417 946 1483 referant.
995 1421 1092 1484 lectio

130 1505 231 1569 libera
263 1505 312 1566 est
337 1523 397 1567 nee
419 1508 456 1565 ut
477 1502 613 1565 actionis
640 1502 778 1584 impetus
799 1504 1007 1586 transcurrit,
1036 1505 1092 1570 sed

130 1589 274 1671 repetere
302 1585 428 1669 saepius
455 1585 547 1668 licet,
577 1584 643 1648 sive
671 1584 796 1649 dubites
824 1585 891 1650 sive
919 1588 1091 1652 memoriae

129 1672 258 1756 penitus
281 1669 420 1754 adfigere
443 1669 531 1733 velis.
575 1670 756 1751 repetamus
772 1673 877 1733 autem
893 1674 926 1734 et
939 1673 1090 1735 retracte-

129 1777 199 1820 mus
222 1758 268 1837 et,
297 1758 334 1817 ut
361 1753 447 1818 eibos
474 1774 602 1816 mansos
630 1774 667 1816 ac
694 1773 793 1836 prope
821 1753 1010 1836 liquefactos
1038 1754 1091 1819 de·

129 1838 302 1919 mittimus,
338 1857 399 1920 quo
428 1836 554 1901 facilius
583 1836 788 1920 digerantur,
821 1837 868 1900 ita
901 1837 996 1902 lectio
1022 1859 1090 1904 non

131 1923 238 2005 cruda,
262 1921 317 1985 sed
338 1919 441 1984 multa
462 1920 630 1983 iteratione
650 1920 774 1983 mollita
795 1923 827 1984 et
840 1919 928 1984 velut
943 1921 1090 1988 confecta

129 2006 302 2070 memoriae
328 2003 564 2087 imitationique
584 2004 741 2067 tradatur.

87 2081 122 2161 30
193 2091 243 2153 Ac
271 2089 325 2153 diu
351 2109 417 2152 non
450 2087 514 2150 nisi
547 2087 685 2170 optimus
713 2087 846 2234 qduisque
876 2090 908 2152 et
935 2089 990 2173 qui
1023 2110 1090 2154 cre·

128 2176 257 2239 dentem
280 2171 342 2236 sibi
362 2170 493 2234 minime
514 2170 608 2235 fallat
627 2171 722 2255 legen
744 2192 781 2234 us
803 2174 861 2255 est,
884 2171 939 2236 sed
954 2172 1089 2257 diligen·

128 2261 178 2322 ter
206 2279 244 2321 ac
270 2276 372 2339 paene
395 2254 434 2317 ad
462 2253 621 2320 scribendi
648 2253 911 2339 sollicitudiuem,
942 2277 1003 2321 nec
1030 2279 1090 2341 per

128 2344 237 2426 partes
265 2339 358 2404 modo
386 2337 558 2402 scrutanda
584 2338 709 2420 omnia,
739 2336 794 2402 sed
820 2339 978 2421 perlectus
1007 2339 1089 2405 liber

127 2427 238 2507 utique
260 2445 298 2488 ex
320 2423 447 2506 integro
471 2421 693 2504 resumendus,
721 2423 953 2506 praecipueque
975 2424 1087 2506 oratio,

129 2509 216 2574 euius
238 2507 373 2571 virtutes
394 2507 579 2588 frequenter
601 2525 639 2568 ex
661 2504 820 2570 industria
839 2526 962 2590 quoque
983 2507 1088 2571 occid·

87 2601 117 2665 ll
127 2595 249 2658 tantur.
280 2611 375 2673 saepe
397 2590 482 2653 enim
502 2592 684 2672 praeparat,
708 2588 897 2672 dissimulat,
919 2589 1088 2655 insidiatur

128 2680 252 2758 orator,
281 2693 380 2757 eaque
407 2672 443 2736 in
470 2671 574 2755 prima
602 2675 694 2755 parte
722 2674 857 2738 actionis
884 2673 977 2756 dicit,
1005 2694 1087 2772 quae

128 2765 204 2826 sunt
230 2760 265 2824 in
292 2778 416 2822 summa
441 2755 618 2840 profutura.
666 2757 774 2842 itaque
800 2777 857 2822 suo
884 2756 954 2821 loco
980 2779 1087 2823 mmus

127 2845 271 2929 placent,
294 2841 398 2906 adhue
418 2840 512 2906 nobis
534 2862 631 2924 quare
652 2840 739 2905 dicta
761 2841 828 2906 sint
848 2840 1074 2924 ignorantibus

87 2936 118 2998 22
128 2929 260 3012 ideoque
293 2929 387 2990 erunt
417 2924 556 3009 cognitis
589 2925 735 2989 omnibus
768 2923 951 3007 repetenda.
1007 2892 1087 2991 illud

127 3033 202 3077 vero
216 3009 430 3091 utilissimum,
452 3028 545 3074 nosse
568 3030 621 3073 eas
637 3030 756 3090 causas,
778 3029 911 3092 quarum
926 3009 1087 3075 orationes

126 3097 162 3161 in
183 3115 297 3160 manus
315 3093 529 3175 sumserimus,
553 3097 585 3157 et
607 3093 752 3177 quotiens
775 3091 952 3177 continget,
975 3094 1086 3159 utrim-

127 3202 188 3266 que
209 3177 337 3242 habitas
357 3177 464 3261 legere
487 3176 643 3242 actiones:
665 3181 702 3241 ut
722 3175 947 3241 Demosthenis
970 3180 1002 3243 et
1023 3180 1086 3243 Ae·

126 3263 247 3329 echinis
268 3261 354 3325 inter
375 3281 408 3326 se
431 3260 625 3344 contrarias,
655 3266 688 3326 et
709 3259 811 3326 Servii
832 3259 964 3345 Sulpicii
991 3265 1087 3345 atque

126 3347 300 3431 Messalae,
334 3366 467 3428 quorum
494 3344 575 3410 alter
600 3367 659 3430 pro
686 3344 830 3430 Aufidia,
868 3349 979 3411 contra
1006 3345 1088 3411 dixit
