2400 3984
154 184 199 248 34
429 199 650 261 oumrmmru
672 203 762 251 msr.
786 204 842 252 or.

157 353 198 415 ab
219 352 398 417 intentione
420 354 525 438 operis
547 355 710 419 destinati.
739 376 843 438 neque
866 356 952 420 enim
974 378 1008 421 se
1031 356 1120 424 bona

156 436 218 500 fide
240 437 274 500 in
296 437 398 501 multa
420 439 514 502 simul
534 438 701 503 intendere
724 440 849 503 animus
871 442 974 505 totum
996 445 1116 526 potest,

157 524 190 583 et
211 541 408 605 quocumque
430 522 584 606 respexit,
612 522 730 587 desinit
751 523 869 587 intueri
896 525 980 608 quod
1001 547 1119 610 propo-

104 603 356 669 concurserat.
400 627 497 690 quare
520 607 670 670 silvarum
692 607 868 671 amoenitas
890 613 923 673 et
942 610 1118 693 praeterla-

157 688 268 753 bentia
295 689 429 754 flumina
458 693 491 754 et
511 691 707 774 inspirantes
729 691 827 756 ramis
849 691 997 756 arborum
1018 715 1119 758 aurae

155 773 381 857 volucrumque
418 776 531 838 cantus
567 777 600 839 et
634 776 705 858 ipsa
739 775 804 839 late
840 775 1118 859 circumspiciendi

154 857 287 920 libertas
310 857 350 920 ad
372 879 405 922 se
425 858 569 942 trahunt,
593 861 629 922 ut
650 858 727 922 mihi
750 859 913 924 remittere
934 861 1041 944 potius
1063 883 1117 925 vo·

156 940 263 1024 luptas
292 941 355 1005 ista
387 941 533 1006 videatur
561 942 787 1027 cogitationem
815 965 909 1026 quam
935 944 1115 1010 intendere.

103 1025 147 1090 25
156 1025 387 1090 Demosthenes
408 1025 532 1110 melius,
556 1027 610 1110 qui
632 1048 665 1090 se
687 1027 722 1091 in
743 1027 859 1111 locum,
882 1049 920 1091 ex
943 1049 1004 1111 quo
1025 1028 1117 1092 nulla

156 1110 298 1173 exaudiri
319 1130 383 1173 vox
404 1113 436 1174 et
458 1132 496 1175 ex
518 1132 579 1195 quo
599 1109 682 1174 nihil
703 1112 843 1195 prospici
864 1114 982 1194 posset,
1005 1133 1116 1176 recon-

156 1194 261 1275 debat,
286 1216 327 1258 ne
350 1193 436 1258 aliud
458 1216 477 1258 a
502 1216 554 1258 ere
570 1198 710 1258 mentem
733 1199 886 1280 cogerent
906 1195 999 1260 oculi.
1030 1196 1116 1262 ideo·

155 1300 215 1361 que
236 1278 440 1342 lucubrantes
463 1216 625 1343 sientium
647 1278 752 1342 noctis
774 1282 806 1343 et
827 1277 969 1343 clausum
987 1279 1115 1345 cubicu-

86 1373 108 1434 s*-
155 1363 222 1425 lum
251 1362 412 1426 etlumen
433 1384 533 1427 unum
559 1361 648 1426 velut
673 1365 801 1440 †rectos
827 1365 964 1428 maxime
991 1366 1115 1428 teneat.

103 1447 146 1512 26
156 1447 211 1510 sed
233 1468 304 1510 eum
324 1447 359 1509 in
374 1446 462 1510 omni
476 1446 652 1511 studiomm
666 1467 793 1530 genere,
816 1449 885 1510 tum
899 1448 934 1511 in
949 1447 1009 1512 hoc
1023 1468 1117 1531 prae·

156 1531 247 1614 cipue
269 1530 354 1594 bona
375 1530 534 1613 valetudo,
556 1552 699 1615 quaeque
714 1551 783 1594 eam
806 1531 944 1595 maxime
957 1534 1114 1615 praestat,

154 1614 340 1698 frugalitas,
378 1615 559 1678 necessaria
591 1617 654 1696 est,
690 1636 760 1678 cum
793 1619 938 1698 tempora
970 1615 1012 1679 ab
1044 1616 1117 1698 ipsa

153 1720 261 1762 rerum
281 1702 399 1762 natura
421 1697 458 1762 ad
482 1698 621 1781 quietem
642 1697 910 1782 refectionemque
923 1699 1016 1763 nobis
1038 1700 1114 1764 data

153 1783 189 1847 in
212 1782 402 1847 acerrimum
423 1781 566 1847 laborem
588 1783 811 1849 convertimus.
857 1783 907 1846 cui
922 1785 1031 1847 tamen
1045 1804 1113 1848 non

176 1868 226 1930 lus
251 1866 464 1951 inrogandum
493 1869 542 1931 est
569 1887 664 1951 quam
691 1867 774 1951 quod
806 1887 917 1931 somno
944 1889 980 1931 su
1004 1868 1114 1951 ererit,

103 1891 241 2016 aliaue
264 1950 374 2014 deerit.
403 1951 511 2013 obstat
532 1951 617 2014 enim
632 1950 819 2034 diligentiae
840 1951 968 2015 scriben
992 1951 1113 2015 'etiarn

153 2035 304 2119 fatigatio
327 2038 360 2098 et
374 2034 510 2116 abunde,
534 2035 562 2098 si
583 2037 685 2116 vacet,
708 2033 789 2098 lucis
810 2035 915 2118 spatia
937 2034 1113 2117 sufficimit,

153 2120 323 2201 occupatos
345 2119 380 2181 in
401 2122 530 2181 noctem
551 2118 725 2182 necessitas
746 2119 823 2203 agit.
865 2121 914 2182 est
935 2122 1044 2183 tamen
1064 2118 1112 2182 lu·

154 2202 313 2284 cubratio,
342 2202 488 2285 quotiens
516 2201 557 2265 ad
584 2223 655 2266 eam
681 2201 801 2286 integri
830 2223 868 2267 ac
889 2203 1002 2268 refecti
1024 2204 1113 2267 veni·

152 2309 239 2368 mue,
263 2286 419 2370 optimum
442 2286 556 2350 secreti
577 2307 690 2371 genus.

99 2369 144 2435 28
218 2369 280 2436 Sed
301 2369 464 2434 silentium
487 2372 519 2433 et
545 2390 687 2434 secessus
709 2373 742 2434 et
768 2369 907 2455 undique
935 2370 1016 2434 liber
1043 2373 1110 2435 ani·

152 2477 223 2518 mus
245 2458 282 2518 ut
303 2458 378 2518 sunt
398 2454 536 2518 maxime
558 2454 714 2537 optanda,
738 2453 785 2518 ita
805 2476 872 2519 non
894 2476 960 2519 sem
984 2476 1018 2519 er
1039 2476 1111 2538 pos-

152 2542 229 2602 sunt
251 2538 448 2622 contingere,
470 2538 602 2622 ideoque
624 2558 688 2602 non
712 2538 832 2623 statim,
857 2538 884 2603 si
899 2477 982 2622 quid
990 2539 1111 2602 obstre-

152 2626 223 2705 pet,
259 2622 418 2685 abiciendi
451 2622 573 2686 codices
607 2624 701 2686 erunt
733 2625 766 2685 et
792 2622 1003 2706 deplorandus
1030 2622 1107 2704 diae,

153 2727 261 2771 verum
288 2706 496 2769 incommodis
517 2705 763 2802 repugnandum
795 2709 827 2770 et
858 2705 913 2770 hic
942 2707 1109 2770 faciendus

149 2812 243 2874 usus,
282 2793 319 2853 ut
352 2789 460 2853 omnia
491 2810 572 2874 quae
607 2789 783 2874 impedient
814 2792 924 2855 vincat
954 2791 1108 2854 intentio:

150 2896 247 2958 quam
274 2874 301 2938 si
323 2876 392 2937 tota
413 2876 520 2938 mente
541 2874 676 2959 inopus
698 2873 803 2957 ipsum
824 2873 997 2955 derexeris,
1025 2871 1108 2936 nihil

153 2979 276 3040 eorum,
305 2979 385 3041 quae
414 2957 512 3022 oculis
538 2958 590 3022 vel
612 2957 943 3037 auribusincursant,
972 2955 1011 3018 ad
1041 2956 1109 3019 ani·

97 3041 142 3106 29
154 3063 241 3105 mum
263 3041 439 3125 perveniet.
484 3065 526 3105 an
548 3063 623 3106 vero
651 3041 835 3125 frequenter
857 3039 952 3103 etiam
974 3037 1109 3104 fortuita

151 3127 212 3188 hoc
235 3126 388 3208 cogitatio
416 3129 576 3209 praestat,
606 3126 643 3188 ut
673 3125 782 3188 obvios
803 3144 870 3187 non
890 3122 1054 3189 videamus
1076 3129 1110 3188 et

151 3209 267 3273 itinere
289 3208 484 3273 deerremus:
506 3229 572 3272 non
596 3229 824 3291 consequemur
837 3206 931 3291 idem,
954 3210 981 3272 si
1004 3213 1037 3272 et
1056 3231 1109 3273 vo·

149 3291 325 3357 luerimus?
367 3314 434 3356 non
466 3294 515 3356 est
546 3291 776 3376 indulgendum
816 3292 919 3357 causis
957 3293 1106 3358 desidiae.

149 3399 224 3441 nam
240 3377 267 3441 si
282 3377 412 3441 nonnisi
426 3376 550 3460 refecti,
565 3377 695 3440 nonnisi
708 3375 836 3462 hilares,
860 3377 989 3442 nomrisi
1009 3377 1109 3441 omni·

149 3462 209 3545 bus
238 3462 309 3526 aliis
338 3462 421 3547 curis
448 3464 600 3526 vacantes
627 3461 818 3526 studendum
851 3461 1107 3544 existimarimus,
