2400 3984
440 190 482 253 x.
517 194 545 236 c.
563 186 588 254 1,
610 184 738 234 ro-aa.
1031 171 1069 235 11

106 342 145 405 in
172 338 301 424 magnis
328 339 423 403 rebus
451 338 666 422 sublimitate,
689 338 724 403 in
745 339 853 423 parvis
874 338 1071 424 proprietate

108 423 320 507 superaverit.
370 422 455 487 idem
481 422 584 487 laetus
612 445 649 487 aa
675 445 820 507 pressus,
854 423 1012 487 iucundus
1040 430 1073 487 et

108 508 229 592 gravis,
253 511 325 571 tum
347 507 529 590 copiatum
552 506 707 571 brevitate
727 507 894 590 mirabilis,
917 528 978 571 1111
998 527 1072 592 poe·

107 593 175 656 tica
211 591 322 673 modo,
361 590 417 655 sed
455 591 595 656 oratoria
633 592 752 655 virtute
791 591 1070 656 eminentissimus.

108 697 185 739 nam
211 678 247 738 ut
275 675 313 738 de
340 674 503 757 laudibus,
533 673 819 758 exhortationibus,
849 670 1121 739 consolationi-47

107 760 167 823 bus
189 761 331 842 taceam,
359 779 467 822 norme
495 758 546 823 vel
568 779 672 822 nonus
699 759 796 840 liber,
825 780 887 842 quo
914 759 1011 822 missa
1033 758 1073 822 ad

108 841 261 906 Achillen
279 841 400 939 legatio
422 842 614 925 continetur,
638 841 688 906 vel
703 843 738 906 in
751 841 856 927 primo
870 842 956 906 inter
977 840 1072 906 duces

107 925 166 990 illa
181 928 346 990 eontent1o
364 925 414 989 vel
430 926 536 989 dictae
557 926 593 989 in
611 926 749 990 seeundo
767 926 947 990 sententiae
962 947 1072 990 omnes

107 1011 215 1074 litium
237 1030 274 1074 ac
297 1009 502 1073 consiliorum
524 1010 687 1092 explicant
709 1010 817 1073 artes?
839 1009 983 1074 adfectus
1005 1010 1072 1093 qui·
1081 1005 1123 1070 48

108 1095 180 1159 dem
207 1093 258 1157 vel
290 1093 362 1156 illos
390 1093 484 1156 mites
512 1093 563 1156 vel
590 1091 648 1157 hos
681 1094 857 1158 concitatos
890 1115 985 1158 nemo
1012 1093 1074 1156 erit

108 1181 178 1242 tam
205 1177 370 1258 indoetus,
421 1175 455 1240 ui
475 1177 599 1241 nonin
628 1198 685 1242 sua
710 1180 869 1260 potestate
891 1176 978 1241 hune
1001 1198 1073 1241 auc·

108 1265 212 1326 torem
233 1259 384 1324 habuisse
400 1198 559 1325 lateatur.
605 1281 666 1344 age
687 1282 777 1342 vero,
806 1283 873 1325 non
900 1262 936 1324 in
958 1261 1073 1325 utrius·

109 1366 170 1429 que
192 1344 296 1427 operis
319 1344 368 1407 sui
382 1343 530 1429 ingressu
545 1343 581 1408 in
595 1344 795 1427 paucissimis
810 1345 953 1408 versibus
969 1345 1074 1430 legem

110 1428 345 1513 prooemiorum
366 1449 432 1491 non
455 1427 526 1493 dico
541 1428 690 1511 servavit,
714 1427 770 1492 sed
785 1428 976 1493 constituit?
998 1451 1074 1492 narn

109 1513 299 1577 benevolum
314 1511 490 1576 auditorem
509 1512 712 1576 invocatione
726 1513 867 1596 dearum,
891 1534 969 1596 quas
984 1534 1074 1596 prae·

108 1595 212 1660 sidere
227 1596 355 1659 vatibus
375 1595 524 1680 creditur,
547 1599 581 1660 et
600 1597 761 1660 intentum
782 1598 946 1680 proposita
968 1617 1074 1660 rarum

108 1679 389 1828 tlinilllttril
404 1679 1074 1848 11111111111111111111
1082 1762 1123 1824 a

109 1848 241 1913 nuntiat
254 1845 409 1930 Patrocli,
432 1847 503 1928 quis
524 1846 761 1932 significantius
780 1851 888 1930 potest
907 1869 1004 1931 quam
1019 1849 1073 1932 qui

108 1931 261 1998 Curetum
276 1931 524 2013 Aetolorumque
545 1931 702 2014 proelium
723 1931 879 2014 exponit?
900 1933 965 1996 iam
988 1931 1073 1996 simi·

107 2015 271 2096 litudines,
295 2014 570 2098 amplificationes,
593 2015 753 2099 exempla,
777 2016 955 2100 digressus,
978 2016 1074 2099 signa

108 2120 215 2163 rerum
242 2101 276 2162 et
298 2101 488 2182 argumenta
515 2103 681 2184 ceteraque
709 2121 829 2196 genera
855 2099 1013 2183 probandi
1035 2119 1074 2163 ac

109 2182 272 2247 refutandi
294 2185 370 2246 sunt
395 2182 443 2245 ita
470 2182 587 2266 multa,
616 2187 653 2247 ut
680 2187 778 2248 eham
805 2184 860 2267 qui
888 2184 927 2246 de
950 2182 1073 2247 artibus

109 2265 308 2350 scripserunt
327 2266 466 2350 plurima
487 2288 596 2331 carum
617 2289 723 2332 rerum
744 2267 930 2331 testimonia
951 2266 992 2329 ab
1011 2265 1073 2330 1111
1173 2281 1175 2285 ’

109 2354 205 2435 poeta
227 2354 350 2435 petant.
402 2372 478 2414 nam
507 2351 653 2435 epilogus
681 2351 807 2434 quidem
829 2350 900 2433 quis
921 2363 1124 2432 umquam50

109 2434 229 2519 poterit
239 2434 303 2498 illis
314 2432 434 2496 Priami
446 2434 590 2519 rogantis
598 2434 747 2498 Achillen
759 2434 907 2518 precibus
919 2432 1073 2516 aequari?

109 2518 211 2603 quid?
235 2519 271 2580 in
292 2516 407 2599 verbis,
432 2517 617 2600 sententiis,
640 2517 768 2602 figuris,
796 2517 1003 2601 dispositione
1024 2520 1073 2581 1ο-

109 2603 174 2666 tius
195 2600 300 2683 operis
322 2620 431 2664 nonne
452 2600 584 2665 humani
612 2601 736 2686 ingenii
768 2601 896 2665 modurn
924 2601 1073 2666 excedit?

109 2688 146 2749 ut
167 2683 279 2767 magni
308 2682 352 2747 sit
379 2682 513 2748 virtutes
540 2685 608 2750 eius
634 2706 701 2749 non
729 2684 957 2768 aemulatione,
989 2685 1072 2769 quod

109 2769 179 2832 fieri
207 2787 274 2831 non
300 2769 423 2849 potest,
457 2768 511 2832 sed
538 2768 706 2833 intellectu
734 2769 833 2853 sequi.
882 2790 992 2833 verum
1019 2767 1121 2832 111151

108 2851 214 2916 omnis
243 2851 312 2914 sine
344 2850 440 2915 dubio
473 2855 506 2916 et
538 2853 573 2916 in
605 2854 692 2916 omni
723 2873 840 2938 genere
873 2853 1073 2936 eloquentiae

108 2934 219 3020 procul
236 2957 255 2998 a
270 2956 304 3000 se
319 2934 458 3019 reliquit,
481 2935 587 3018 epicos
602 2939 712 3000 tamen
718 2937 907 3083 praecipue,
923 2936 1073 3001 videlieet

109 3021 184 3102 quia
214 3020 391 3084 clarissima
422 3019 458 3083 in
488 3020 623 3084 materia
654 3021 751 3084 simri
785 3020 979 3118 comparatio
1012 3025 1071 3086 est.

109 3123 182 3167 raro
205 3104 351 3189 adsurgit
371 3102 568 3169 Hesiodus
590 3126 771 3190 magnaque
788 3126 863 3188 pars
878 3125 945 3169 erus
967 3105 1002 3169 in
1016 3103 1123 3171 110-52

110 3187 250 3252 minibus
272 3191 322 3253 est
343 3192 514 3272 occupata,
544 3192 654 3253 tamen
676 3190 771 3254 utiles
794 3189 880 3253 circa
901 3193 1073 3273 praecepta

111 3272 290 3335 sententiae
312 3272 487 3357 levitesque
510 3274 677 3337 verborum
699 3276 732 3338 et
747 3292 816 3336 eom
840 3272 985 3337 ositionis
1000 3294 1071 3356 pro-

110 3353 242 3440 babilis,
271 3355 425 3440 daturque
448 3358 477 3421 ei
498 3357 606 3440 palma
626 3357 662 3421 in
683 3356 739 3420 illo
760 3295 865 3421 medio
886 3377 1004 3441 genere
1026 3355 1072 3419 di-

111 3439 213 3504 cendi.
265 3440 377 3504 eontra
404 3441 439 3504 in
466 3441 705 3506 Antimacho
732 3441 781 3506 vis
810 3445 843 3505 et
867 3439 1011 3524 gravitas
1039 3439 1122 3506 1153
