2400 3984
167 107 209 171 42
444 121 663 181 oururrnmur
686 122 774 171 rnsr.
798 122 856 171 oa.
884 123 889 128 ·

166 278 235 339 tam
250 260 377 338 dicendi
391 273 515 356 copiam
537 276 569 336 11
592 276 721 357 certam,
743 274 790 338 111
811 273 951 339 refutare
972 278 1130 361 temporis

168 379 301 422 munera
322 356 418 442 longe
440 356 665 422 stultissimum
687 361 744 422 est.
789 379 886 442 quare
909 361 1065 444 cogitatio
1091 363 1129 427 in

167 443 228 507 hoc
242 444 461 525 praeparetur,
484 443 521 503 ut
542 462 600 505 nos
621 441 752 505 fortuna
766 442 912 526 decipere
932 465 999 508 non
1012 446 1127 529 possit,

169 527 317 591 adiuvare
339 526 450 609 possit.
481 524 514 587 id
536 527 643 589 autem
664 526 720 589 fiet
741 528 911 591 memoriae
933 528 1066 612 viribus,
1090 535 1129 594 ut

168 610 234 692 illa,
258 631 339 694 quae
362 608 516 693 complexi
531 609 638 674 animo
653 631 770 693 sumus,
792 610 895 674 fluant
912 632 1035 695 secura,
1059 634 1128 677 non

168 694 321 760 sollicitos
350 697 382 757 et
410 693 616 776 respicientes
645 697 677 757 et
704 715 768 757 una
795 716 851 777 spe
878 716 1050 778 suspensos
1079 718 1128 760 re-

169 777 361 844 cordationis
383 798 448 841 non
471 777 580 841 sinaut
601 776 781 859 providere:
805 778 922 862 alioqui
939 778 1128 843 1111111111-

167 862 310 946 poralem
338 862 553 925 temeritatem
574 859 657 925 malo
679 883 774 945 quam
796 860 878 925 male
901 861 1128 929 cohaerentem

139 946 406 1030 leogitationem.
450 946 539 1028 peius
555 945 640 1008 enim
684 945 826 1009 uaeritur
846 948 1014 1029 retrorsus,
1037 950 1126 1031 quia,

168 1028 320 1095 dumille
341 1029 567 1110 desideramus,
591 1028 632 1091 ab
682 1029 717 1092 “s
740 1030 922 1112 avertimur,
946 1032 1039 1094 etex
1062 1052 1127 1094 me-

167 1115 267 1177 moria
294 1114 399 1196 potius
427 1133 477 1176 res
499 1112 637 1195 petimus
659 1133 754 1196 quam
783 1135 821 1176 ex
842 1113 987 1177 materia.
1031 1114 1128 1197 plura

167 1201 244 1261 sunt
263 1200 379 1278 autem,
403 1197 431 1260 si
451 1198 621 1279 utcumque
643 1198 858 1279 quaerendum
881 1200 944 1280 est,
974 1218 1056 1281 quae
1077 1199 1126 1263 in-

167 1281 270 1345 veniri
291 1283 426 1364 possunt
447 1302 542 1363 quam
563 1301 644 1364 quae
665 1281 797 1344 inventa
820 1283 906 1344 sunt.

230 1363 304 1429 VII.
328 1363 486 1427 Maximus
500 1384 575 1427 vero
591 1364 767 1427 studiorum
780 1363 904 1429 fructus
920 1367 969 1428 est
984 1367 1016 1428 et
1036 1365 1128 1430 velut

167 1449 344 1532 praemium
372 1447 531 1530 quoddam
562 1446 792 1530 amplissimum
820 1447 911 1532 longi
937 1448 1056 1513 laboris
1086 1471 1127 1513 ex

168 1537 311 1616 tempore
332 1531 458 1596 dicendi
479 1529 628 1613 facultas,
651 1552 747 1614 quam
769 1532 821 1614 qui
845 1553 910 1595 non
933 1531 994 1595 erit
1016 1553 1126 1598 conse·

171 1619 279 1698 cutus,
308 1636 379 1679 mea
405 1614 532 1698 quidem
559 1615 721 1678 sententia
749 1615 895 1679 civilibus
928 1615 1042 1680 officiis
1077 1638 1126 1682 re-

166 1699 331 1764 nuntiabit
357 1702 389 1762 11
415 1698 516 1763 solam
542 1698 702 1762 scribendi
728 1697 915 1763 facultatem
947 1699 1053 1783 potius
1084 1701 1126 1765 ad

72 1846 78 1854 x
167 1784 230 1847 alia
266 1804 362 1865 opera
396 1784 568 1846 convertet.
622 1783 676 1845 vix
705 1784 790 1846 enim
820 1783 922 1847 bonae
949 1784 1024 1847 fidei
1056 1784 1126 1848 viro

167 1867 317 1931 convenit
344 1865 498 1949 auxilium
518 1866 555 1928 in
575 1865 738 1949 publicum
752 1865 906 1950 polliceri,
929 1867 1012 1951 quod
1033 1888 1125 1950 prae·

166 1949 356 2014 sentissimis
383 1949 558 2033 quibusque
584 1948 734 2032 periculis
756 1951 848 2033 desit,
875 1953 979 2014 instar
999 1954 1123 2035 portus,

166 2034 207 2098 ad
235 2054 328 2118 quem
357 2032 449 2096 navis
478 2033 627 2097 accedere
654 2033 716 2096 nisi
743 2033 869 2098 lenibus
898 2036 1003 2098 ventis
1031 2038 1126 2100 vecta

136 2119 233 2183 211111
253 2116 369 2201 possit:
392 2116 419 2180 si
441 2115 549 2180 uidem
567 2117 814 2182 innumerabiles
835 2118 985 2183 accidunt
998 2118 1124 2183 subitae

164 2201 372 2266 necessitates
394 2138 444 2264 111
466 2200 551 2285 apud
572 2201 780 2285 magistratus
802 2201 853 2265 vel
873 2203 1123 2285 repraesentatis

164 2285 289 2349 iudiciis
312 2285 464 2349 continuo
486 2283 613 2369 agendi.
658 2306 793 2369 quarum
813 2285 840 2349 11
861 2307 941 2369 qua,
964 2307 1030 2349 non
1051 2285 1123 2351 dico

166 2368 351 2452 cuicumque
365 2368 585 2432 innocentium
601 2368 727 2451 civium,
743 2368 798 2432 sed
813 2371 987 2433 amicorum
1001 2391 1038 2433 ao
1050 2391 1122 2452 pro·

164 2452 357 2535 pinquorum
378 2452 473 2516 alicui
498 2453 656 2534 evenerit,
687 2452 827 2516 stabitne
849 2457 956 2517 mutus
979 2456 1011 2517 11
1038 2453 1122 2519 salu·

163 2541 269 2600 tarem
295 2536 480 2618 petentibus
506 2557 616 2600 vocem
643 2536 829 2620 statimque,
858 2537 886 2600 si
907 2559 973 2601 non
996 2558 1122 2601 succur-

165 2623 254 2684 ratur
287 2620 439 2703 perituris
453 2639 557 2683 moras
573 2622 605 2683 et
619 2640 778 2684 secessum
792 2623 824 2684 et
841 2619 1005 2684 silentium
1026 2642 1122 2705 quae·

164 2707 223 2787 ret,
248 2669 323 2768 dum
344 2703 400 2767 illa
422 2704 519 2768 verba
532 2703 732 2768 fabricentur
746 2707 779 2768 11
792 2705 963 2769 memoriae
977 2705 1123 2770 insidant

134 2790 197 2853 311
217 2808 279 2852 vox
301 2786 444 2852 aelatus
465 2786 696 2871 praeparetur?
718 2809 799 2870 quae
821 2809 894 2852 vero
916 2789 1040 2872 patitur
1059 2787 1121 2854 hoc

163 2870 262 2951 ratio,
285 2874 322 2934 ut
345 2871 511 2955 quisquam
534 2873 635 2954 possit
655 2874 761 2935 orator
781 2872 952 2956 aliquando
974 2873 1122 2937 omittere

165 2951 280 3018 casus?
302 2955 388 3038 quid,
407 2976 479 3019 oum
493 2954 673 3020 adversario
687 2957 943 3039 respondendum
957 2956 1027 3039 erit,
1042 2955 1121 3020 fiet?

163 3058 240 3101 nam
261 3059 356 3122 saepe
379 3059 433 3121 ea,
464 3059 543 3122 quae
570 3038 695 3121 opinati
717 3061 825 3104 sumus
847 3043 879 3105 et
908 3043 1019 3105 contra
1041 3061 1121 3123 quae

163 3122 364 3205 scripsimus,
396 3121 528 3205 fallunt,
562 3143 600 3186 ac
626 3126 695 3187 tota
722 3124 827 3187 subito
850 3145 945 3189 causa
967 3127 1119 3207 mutatur,

164 3209 258 3288 atque
283 3208 318 3268 ut
338 3206 546 3289 gubernatori
568 3206 607 3272 ad
629 3207 775 3272 incursus
797 3209 1049 3292 tempestatium,
1072 3209 1119 3273 sic

164 3289 274 3372 agenti
301 3288 341 3352 ad
367 3289 554 3354 varietatem
583 3312 749 3356 causarum
775 3292 857 3356 ratio
885 3292 1039 3356 mutanda
1063 3295 1120 3355 est.

132 3372 238 3456 4quid
256 3392 351 3454 porro
372 3373 489 3440 multus
510 3373 602 3440 stilus
631 3379 662 3441 et
684 3375 816 3442 adsidua
841 3376 935 3441 lectio
963 3380 996 3440 et
1022 3376 1121 3460 longa
