2400 3946
143 176 164 242 8
416 195 747 255 oururrnraurrusr.
772 199 827 247 ou.

143 345 354 411 ostentationi
376 352 593 431 comparatum
616 349 648 410 et
669 349 797 430 praeter
817 347 865 431 id,
893 349 976 432 quod
1004 351 1107 416 solam

146 431 230 514 petit
255 429 454 513 voluptatem
482 452 613 514 eamque
635 433 733 495 etiam
753 431 905 516 fingendo
927 454 992 497 non
1020 435 1105 499 falsa

147 515 258 596 modo,
281 514 336 578 sed
358 515 456 578 etiam
478 514 632 598 quaedam
654 516 854 580 incredibilia
876 520 1026 601 sectatur,
1050 541 1103 603 pa-

94 597 283 663 ratiocinio
305 619 428 682 quoque
450 598 555 681 aliquo
576 599 693 662 iuvari:
716 601 800 683 quod
822 600 956 685 alligata
977 603 1016 666 ad
1039 624 1114 667 cer-1

144 687 212 747 tam
241 683 358 766 pedum
392 684 615 746 necessitatem
643 704 709 746 non
737 704 861 766 semper
888 685 936 748 uti
968 689 1105 769 propriis

145 767 256 851 possit,
280 767 335 831 sed
356 766 488 849 depulsa
509 769 597 830 recta
619 767 672 829 via
685 769 866 831 necessario
881 767 921 831 ed
937 769 1106 853 eloquendi

12 882 15 891 ·
146 852 302 935 quaedam
317 850 515 914 deverticula
536 850 712 934 confugiat,
736 872 796 916 nee
811 855 935 916 mutare
950 854 1106 937 quaedam

146 935 239 1000 modo
267 934 380 1016 verba,
409 933 464 999 sed
487 935 672 1017 extendere,
702 936 877 1019 corripere,
911 941 1105 1020 convertere,

148 1020 286 1083 dividere
310 1020 458 1103 cogatur:
480 1038 539 1082 nos
561 1039 636 1083 vero
660 1022 798 1083 armatos
821 1023 906 1083 stare
928 1021 961 1083 in
983 1021 1051 1085 acie
1074 1027 1107 1086 et

96 1104 139 1168 30
147 1104 277 1168 summis
295 1103 333 1166 de
355 1103 449 1166 rebus
464 1102 633 1167 decernere
656 1105 748 1167 etad
771 1104 935 1168 victoriam
949 1103 1020 1168 niti.
1051 1126 1107 1169 ne-

38 1180 42 1188 ’
147 1209 208 1272 que
230 1208 289 1271 ego
312 1208 401 1250 arma
422 1186 566 1270 squalere
588 1186 651 1250 situ
680 1207 718 1251 ae
739 1187 888 1284 rubigine
910 1187 1020 1270 velim,
1050 1188 1107 1252 sed

146 1271 304 1356 fulgorem
325 1272 360 1334 in
381 1270 422 1334 iis
437 1291 505 1335 esse
519 1271 573 1354 qui
587 1274 717 1353 terreat,
740 1272 843 1354 qualis
866 1275 915 1335 est
936 1271 1021 1352 ferri,
1044 1294 1106 1355 quo

147 1376 239 1420 mens
261 1355 356 1419 simul
370 1354 518 1438 visusque
540 1355 799 1439 praestringitur,
823 1376 888 1418 non
910 1355 1013 1438 qualis
1036 1357 1107 1419 auri

150 1440 349 1524 argentique,
372 1438 500 1503 inbellis
522 1441 554 1502 et
574 1439 679 1521 potius
702 1439 834 1503 habenti
856 1439 1061 1523 periculosus.

96 1540 136 1605 31
211 1523 355 1588 Historia
381 1543 504 1606 quoque
537 1521 622 1588 alere
657 1526 814 1587 oratorem
847 1524 981 1607 quodam
1015 1524 1107 1587 uberi

148 1608 347 1691 iucundoque
369 1627 444 1671 suco
471 1608 591 1690 potest,
617 1624 727 1670 verum
755 1611 788 1670 et
815 1606 885 1689 ipsa
912 1607 957 1670 sie
985 1614 1034 1670 est
1064 1607 1106 1671 le-

147 1692 264 1778 gende,
285 1695 322 1754 ut
335 1692 471 1756 sciamus
486 1690 652 1773 plerasque
673 1691 740 1753 eius
754 1692 889 1755 virtutes
904 1692 1022 1754 oratori
1038 1711 1108 1754 esse

147 1776 309 1841 vitandas.
365 1773 484 1839 etenim
510 1775 654 1856 proxima
681 1775 783 1857 poetis
812 1778 845 1838 et
877 1774 1107 1858 quodammodo

150 1878 279 1926 carmen
312 1859 450 1923 solutum
484 1860 547 1940 est,
582 1860 614 1922 et
648 1858 798 1922 scribitur
834 1858 874 1921 ad
900 1858 1107 1940 narrandum,

148 1965 214 2008 non
236 1941 514 2025 adprobandum,
540 1944 703 2025 totumque
732 1956 811 2025 opus
838 1960 903 2006 non
932 1942 972 2006 ad
1000 1948 1107 2006 aetum

148 2025 1108 2175 {ltusuauu,distrahunturuu·

148 2195 198 2259 bis
213 2128 436 2258 remorantes
458 2197 491 2257 a
510 2128 720 2257 resanati
732 2159 843 2276 spots
865 2129 1018 2257 adilina
1041 2194 1107 2257 aas·

100 2278 239 2358 32dium
261 2276 370 2341 evitat.
414 2277 533 2360 itaque,
556 2280 593 2340 ut
612 2277 688 2359 dixi,
712 2293 813 2360 neque
834 2276 890 2340 illa
912 2275 1109 2342 Sallustiana

119 2421 125 2427 .
151 2362 302 2444 brevitas,
325 2382 389 2445 qua
409 2359 492 2424 nihil
513 2360 597 2444 apud
619 2380 710 2424 aures
725 2380 841 2424 vacuas
856 2364 952 2443 atque
968 2361 1107 2426 eruditas

149 2449 345 2529 potestesse
367 2444 554 2528 perfectius,
587 2445 671 2528 apud
692 2449 881 2528 occupatum
904 2445 999 2509 variis
1022 2444 1109 2529 cogi·

149 2529 326 2594 ’nationibus
347 2528 483 2592 iudicem
511 2532 543 2592 et
571 2528 698 2611 saepius
726 2528 919 2592 ineruditum
950 2530 1112 2612 raptanda

153 2613 246 2677 nobis
268 2615 326 2695 est,
350 2633 453 2696 neque
474 2611 530 2675 illa
544 2611 627 2675 Livii
641 2611 745 2676 lactea
766 2612 895 2676 ubertas
917 2613 996 2677 sutis
1017 2612 1108 2676 doee-

149 2697 197 2760 bit
226 2716 313 2778 eum,
364 2697 398 2759 ui
425 2717 490 2759 non
517 2695 656 2779 speeiem
682 2696 905 2779 expositionis,
932 2696 987 2759 sed
1013 2695 1111 2760 fidem

99 2781 141 2845 33
151 2779 287 2865 quaerit.
331 2717 463 2863 ideoque
483 2778 528 2843 M.
545 2779 667 2842 Tullius
688 2798 730 2843 ue
752 2779 959 2863 Thucydiden
980 2779 1109 2862 quidem

151 2867 206 2928 aut
232 2861 477 2947 Xenophontem
504 2863 600 2927 utiles
626 2862 745 2926 oratori
773 2867 882 2947 putat,
917 2880 1109 2946 quamquam

149 2948 239 3011 illum
266 2947 454 3011 bellicum
483 2966 642 3030 canere,
669 2946 765 3011 huius
786 2962 840 3011 ore
861 2947 995 3011 Musas
1022 2967 1111 3010 esse

149 3031 300 3095 locutas
322 3031 492 3095 existimet.
536 3031 612 3095 licet
632 3035 742 3094 tamen
763 3031 856 3094 nobis
882 3031 918 3094 in
939 3029 1111 3115 digressio-

150 3114 245 3178 nibus
272 3113 321 3177 uti
347 3113 398 3178 vel
424 3113 576 3179 historico
608 3135 848 3197 nonnumquam
879 3115 1000 3191 nitore,
1034 3113 1110 3178 dum

148 3198 184 3262 in
205 3197 267 3280 his,
296 3198 334 3262 de
356 3197 470 3282 quibus
492 3201 553 3263 erit
575 3199 734 3282 quaestio,
762 3196 1015 3279 meminerimus,
1041 3218 1111 3262 non

150 3281 342 3346 athletarum
362 3283 453 3365 toris,
476 3282 531 3346 sed
544 3282 683 3346 militum
704 3282 833 3347 lacertis
851 3302 925 3361 opus
946 3300 1025 3363 esse,
1048 3300 1111 3346 nec

150 3364 372 3430 versicolorem
385 3365 485 3449 illam,
509 3388 572 3450 qua
593 3366 774 3433 Demetrius
790 3365 963 3430 Phalereus
985 3365 1110 3429 diceba·

154 3453 206 3513 tur
226 3450 286 3532 uti,
315 3452 437 3514 restem
459 3450 541 3515 bene
563 3451 603 3514 ad
624 3450 785 3515 forensem
807 3451 969 3534 pulverem
989 3448 1108 3514 faeere.
