2400 3984
414 235 450 282 x.
485 240 513 282 c.
531 231 556 302 1,
579 231 742 282 rra-124.
1015 218 1057 283 23

92 387 265 453 verborum
280 389 348 450 arte
371 385 424 449 ille
447 388 480 448 et
501 388 568 448 toto
590 406 709 470 genere
731 384 857 451 dicendi
873 385 1057 470 praeferen-

91 473 154 536 dus
177 475 209 536 et
231 492 325 555 quem
339 470 374 532 in
388 490 520 533 numero
541 472 683 533 veterum
699 467 815 543 habere
837 490 903 534 non
925 471 1055 534 timeas:

93 556 150 620 hio
183 554 385 636 concitatior,
420 554 475 616 sed
509 553 544 617 in
575 574 649 616 cura
677 553 845 616 verborum
876 554 995 618 nimius
1023 556 1056 632 et
1117 592 1141 611 «.

91 638 326 722 compositione
347 656 588 721 nonnumquam
602 636 730 720 longior
744 640 777 700 et
789 637 1055 702 translationibus

94 745 210 808 parum
230 722 383 785 modicus.
429 724 521 784 erant
544 721 630 784 clara
645 725 677 784 et
691 742 793 803 nuper
807 722 950 804 ingenia.
979 744 1056 786 narn
1069 713 1130 778 119

95 812 130 871 εὴ
149 806 367 870 Trachalus
394 804 578 888 plerumque
605 804 748 868 sublimis
773 809 806 869 et
827 805 905 868 satis
927 810 1056 888 apertus

90 891 160 955 fuit
182 896 214 955 et
235 911 329 974 quem
351 889 432 954 velle
454 892 572 972 optima
601 888 759 974 crederes,
792 889 920 953 auditus
946 893 1057 954 tamen

93 974 214 1039 maior:
237 994 314 1038 nam
329 977 362 1037 et
376 972 473 1055 vocis,
497 973 707 1057 quantumin
729 973 819 1037 nullo
841 973 987 1058 cognovi,
1010 974 1056 1038 fe-

100 1059 206 1122 licitas
221 1061 255 1121 et
275 1057 495 1141 pronuntiatio
510 1056 561 1121 vel
576 1057 700 1120 scaonis
715 1057 886 1121 suffectura
902 1061 935 1121 et
949 1058 1054 1140 decor,

92 1143 205 1206 omnia
219 1141 355 1225 denique
370 1140 408 1222 ei,
431 1161 512 1223 quae
534 1144 610 1204 sunt
631 1143 736 1222 extra,
760 1141 1000 1224 superfuerunt:
1023 1147 1057 1206 et

94 1226 240 1290 Vibius
262 1223 427 1306 Crispus
450 1225 642 1306 compositus
657 1227 689 1287 et
702 1223 857 1287 iucundus
873 1227 905 1287 et
919 1225 1056 1289 delecta·
1119 1233 1124 1245 '

97 1310 180 1373 tioni
208 1311 320 1390 natus,
349 1307 483 1390 privatis
513 1312 627 1371 tamen
662 1308 765 1371 causis
792 1329 887 1391 quam
918 1309 1054 1392 publicis

96 1392 219 1457 melior.
276 1390 379 1455 Iulio
413 1390 608 1473 Secundo,
647 1390 675 1454 si
707 1390 834 1475 longior
867 1392 1056 1477 contigisset
1070 1405 1130 1470 120

95 1479 202 1557 actm,
241 1475 452 1540 clarissimum
487 1474 630 1557 protecto
661 1494 779 1539 nomen
811 1476 945 1539 oratoris
972 1476 1056 1559 apud

95 1564 240 1643 posteros
262 1559 360 1624 foret:
389 1558 558 1622 adiecisset
584 1559 670 1622 enim
697 1563 792 1643 atque
820 1559 979 1624 adiciebat
1007 1581 1056 1624 ce-

94 1644 174 1706 teris
200 1643 370 1706 virtutibus
393 1643 458 1706 suis
486 1642 569 1726 quod
596 1643 767 1707 desiderari
794 1646 916 1727 potest,
945 1643 978 1707 id
1007 1648 1056 1708 est

95 1730 214 1810 autem,
238 1730 275 1789 ut
290 1730 374 1790 esset
394 1726 495 1789 multo
521 1727 625 1810 magis
651 1747 783 1811 pugnax
809 1731 842 1791 et
867 1727 992 1811 saepius
1015 1729 1056 1792 ad

97 1832 206 1873 curam
227 1831 332 1873 rerum
355 1809 395 1872 ab
417 1809 596 1873 elocutione
617 1811 800 1893 respiceret.
845 1813 985 1874 ceterum
1007 1812 1055 1876 in·
1070 1811 1125 1875 121

95 1896 259 1976 terceptus
282 1913 405 1976 quoque
426 1913 581 1978 magnum
603 1893 664 1957 sibi
691 1894 836 1957 vindicat
861 1894 980 1958 locum:
1017 1917 1055 1959 ea

95 1980 147 2042 est
166 1976 333 2060 facundia,
361 1980 455 2040 tanta
476 1977 512 2040 in
534 1977 721 2061 explicando
742 1978 826 2061 quod
847 1977 924 2042 velit
938 1979 1054 2063 gratia,

94 2064 164 2125 tam
186 2060 354 2125 candidum
377 2064 409 2124 εὴ
429 2060 501 2124 leno
523 2064 557 2125 et
584 2062 761 2144 speciosum
789 2061 916 2126 dicendi
943 2085 1055 2146 genus,

95 2148 190 2209 tanta
222 2145 390 2209 verborum
423 2145 520 2208 ctiam
553 2165 634 2227 quae
667 2145 836 2229 adsumpta
873 2149 948 2210 sunt
984 2168 1055 2230 pro·

96 2230 231 2313 prietas,
269 2231 364 2292 tanta
402 2228 437 2292 in
476 2228 666 2312 quibusdam
697 2249 736 2292 ex
767 2229 908 2313 periculo
946 2231 1055 2313 petitis

96 2313 326 2409 siguificantia.
371 2312 546 2395 habebunt,
569 2314 623 2410 qui
644 2315 717 2396 post
737 2335 796 2410 nos
816 2313 855 2377 de
876 2313 1054 2411 oratoribus
1068 2316 1130 2379 122

93 2397 716 2575 ttttalltnztttatutti
731 2400 1055 2565 liltl’thldhl

96 2563 252 2626 lustratur
272 2563 393 2642 forum,
426 2563 568 2647 ingenia.
618 2585 757 2647 namque
785 2567 818 2628 et
845 2567 1055 2630 consummati

95 2648 162 2710 iarn
185 2647 313 2729 patroni
335 2647 495 2711 veteribus
518 2646 720 2711 aemulantur
734 2651 766 2712 et
781 2669 834 2712 eos
848 2649 999 2713 iuvenum
1015 2649 1056 2713 ad

93 2730 217 2813 optima
238 2729 440 2794 tendentium
460 2731 606 2795 imitatur
628 2753 666 2796 ac
687 2732 830 2816 sequitur
850 2733 1017 2796 industria.

114 2838 116 2843 ·
159 2813 338 2898 Supersunt
366 2815 420 2898 qui
448 2815 487 2878 de
519 2815 722 2899 philosophia
750 2817 963 2899 scripserunt,
1014 2836 1055 2881 uo
1068 2816 1130 2884 123

95 2900 129 2962 in
152 2919 270 2982 genere
292 2899 498 2982 paucissimos
520 2897 625 2962 adhuc
647 2899 830 2982 eloquentes
852 2899 977 2964 litterae
1045 2938 1056 2949 ·

95 3004 211 3046 manae
232 2982 386 3047 tulerunt.
431 2982 516 3045 idem
537 2982 638 3066 igitur
652 2981 698 3046 M.
714 2982 886 3066 Tullius,
910 2983 965 3067 qui
986 2984 1055 3049 ubi-

92 3088 171 3150 que,
201 3068 300 3132 etiam
327 3068 363 3132 in
390 3067 451 3131 hoc
478 3086 573 3151 opere
594 3066 740 3131 Platonis
769 3067 911 3132 aemulus
938 3069 1054 3134 extitit.

94 3150 245 3232 egregius
272 3171 348 3216 vero
374 3151 538 3234 multoque
566 3173 661 3235 quam
682 3152 718 3215 in
740 3153 939 3217 orationibus
965 3174 1055 3236 prae·

96 3230 234 3296 stantidr
256 3232 403 3300 Brutus
426 3235 551 3300 suffecit
572 3236 705 3319 ponderi
727 3257 848 3300 rerum:
876 3236 960 3301 scias
983 3258 1054 3300 eum

94 3315 216 3380 sentire
237 3336 317 3399 quae
339 3319 428 3384 dicit.
474 3319 602 3403 scripsit
623 3341 689 3383 non
710 3341 823 3403 parum
844 3321 946 3384 multa
968 3319 1053 3384 Cor·
1068 3319 1129 3382 124

93 3399 226 3465 nelius
249 3400 402 3483 Celsus,
426 3402 551 3468 Sextios
574 3406 712 3486 secutus,
736 3425 802 3468 non
824 3405 893 3468 sine
916 3402 1001 3466 cultu
1017 3424 1054 3467 ac

94 3484 209 3550 nitore.
255 3483 420 3550 Plautus
442 3487 477 3550 in
493 3485 609 3552 Stoicis
631 3508 738 3552 rerum
760 3486 939 3571 cognitioni
954 3485 1053 3551 utilis.
