2400 3984
133 203 173 264 14
413 215 743 276 0011111111111101.
768 217 824 266 ou.

129 369 196 432 eius
224 371 385 451 auctores,
415 367 707 452 Aristophanes
735 371 845 433 tamen
873 371 905 432 et
926 367 1091 451 Eupolis

130 451 395 535 Cratinusque
424 452 599 535 praecipui.
640 452 822 536 tragoedias
843 453 962 535 primus
985 454 1020 515 in
1042 452 1090 517 lu-

129 557 198 599 cem
213 537 243 598 A
254 535 439 619 eschylus
454 536 598 620 protulit,
616 535 760 599 sublimis
776 539 809 599 et
823 537 931 620 gravis
947 540 980 600 et
1033 559 1090 600 an-

129 619 249 684 dilocus
272 641 368 703 saepe
394 640 494 703 usque
517 620 557 682 ad
577 620 707 702 vitium,
736 619 790 682 sed
813 619 901 683 rudis
922 620 957 682 in
979 621 1090 703 peris-

126 724 189 849 010
217 706 250 767 01
276 704 521 786 incompositus:
553 706 684 786 propter
716 702 799 787 quod
832 707 989 767 correctas
1022 705 1090 767 eius

143 787 254 850 abulas
286 788 321 850 111
362 790 523 850 certamen
563 787 686 851 deferre
721 786 948 869 posterioribus
986 788 1091 870 poetis

87 945 96 963 ἱ
128 869 343 934 Athenienses
370 871 599 966 permiserunt,
632 872 768 954 suntque
801 891 837 934 00
871 871 964 934 modo
996 871 1090 935 multi

87 947 281 1018 ›leoronam
322 954 377 1018 sed
399 953 495 1038 longe
519 954 633 1019 elarius
654 953 908 1019 inlustraverunt
927 952 989 1018 hoc
1010 975 1090 1038 opus

127 1036 349 1121 Sophocles
377 1040 471 1121 atque
496 1037 727 1122 Euripides,
757 1059 890 1122 quorum
911 1039 947 1100 in
969 1038 1088 1121 dispari

127 1121 254 1185 dicendi
284 1123 337 1186 110
364 1126 435 1185 uter
462 1120 505 1185 sit
535 1128 631 1206 poeta
663 1121 785 1204 melior,
817 1123 903 1186 inter
934 1121 1090 1205 plurimos

126 1206 300 1288 quaeritur.
342 1206 437 1351 idque
460 1227 520 1289 ego
542 1227 629 1287 sane,
653 1205 804 1289 quoniam
826 1206 866 1268 ad
886 1209 1089 1289 praesentem

126 1288 293 1353 materiam
314 1288 385 1353 nihi
418 1290 568 1372 pertinet,
592 1289 802 1354 iniudicatum
824 1289 979 1373 relinquo.
1009 1289 1089 1353 illud

127 1373 255 1456 quidem
275 1394 370 1437 nemo
391 1392 457 1437 non
478 1373 619 1437 fateatur
645 1394 776 1437 necesse
803 1376 867 1456 est,
894 1375 950 1453 iis,
979 1374 1033 1457 qui
1056 1396 1089 1437 se

128 1456 169 1520 ad
191 1457 350 1540 agendum
374 1460 577 1540 comparant,
608 1457 767 1521 utiliorem
788 1457 885 1541 longe
906 1457 975 1521 fore
996 1457 1088 1521 Euri-

87 1528 234 1624 58piden.
279 1561 416 1624 namque
438 1541 466 1604 is
489 1544 521 1604 et
542 1562 687 1605 sermone
709 1542 817 1626 (quem
838 1542 943 1624 ipsum
964 1562 1088 1625 quoque

126 1623 376 1707 reprehendunt,
401 1625 514 1709 quibus
536 1625 678 1709 gravitas
701 1629 733 1688 et
756 1624 928 1688 cothurnus
944 1627 977 1688 et
991 1646 1088 1689 sonus

127 1707 277 1791 Sophocli
298 1708 424 1772 videtur
446 1729 514 1772 esse
537 1708 716 1794 sublimior)
746 1710 850 1791 magis
873 1708 996 1772 accedit
1018 1730 1086 1773 ora·

125 1793 208 1855 10110
229 1792 341 1876 generi
364 1794 397 1856 et
419 1792 588 1856 sententiis
603 1792 721 1855 densus
739 1796 771 1856 et
785 1793 821 1855 in
835 1792 885 1876 iis,
909 1812 989 1875 quae
1004 1813 1023 1856 a
1038 1814 1088 1857 sa·

125 1874 289 1959 pientibus
310 1875 431 1939 tradita
453 1879 539 1957 sunt,
570 1898 673 1959 paene
695 1876 773 1959 ipsis
793 1897 870 1958 par,
899 1879 932 1940 et
953 1875 1087 1940 dicendo

125 1981 164 2022 ac
191 1959 412 2042 respondendo
434 1960 567 2023 cuilibet
588 1981 705 2042 eorum,
727 1960 782 2044 qui
808 1960 940 2024 fuerunt
961 1959 996 2022 in
1016 1960 1087 2025 foro

125 2043 246 2125 diserti,
271 2042 512 2126 comparandus
536 2043 571 2106 in
594 2043 773 2107 adfectibus
795 2064 869 2107 vero
892 2065 961 2107 eum
985 2045 1087 2108 omni-

124 2127 184 2189 bus
206 2127 320 2208 mirus,
343 2131 412 2189 tum
434 2126 469 2189 in
490 2127 540 2211 iis,
563 2127 617 2211 qui
638 2126 673 2190 in
695 2127 900 2191 miseratione
923 2132 1085 2210 coustant,

87 2197 219 2273 39facile
253 2210 444 2293 praecipuus
472 2214 529 2274 est.
580 2210 755 2274 admiratus
782 2211 920 2274 maxime
947 2214 1011 2294 est,
1049 2215 1087 2275 ut

124 2315 219 2377 saepe
241 2296 394 2376 testatur,
425 2297 458 2358 et
480 2297 620 2376 secutus,
648 2315 840 2378 quamquam
866 2294 901 2359 in
923 2315 1018 2379 00010
1041 2295 1086 2359 di·

123 2398 226 2458 verso,
249 2377 488 2461 Menander,
511 2377 565 2462 qui
586 2377 636 2441 vel
658 2399 740 2441 unus
762 2399 833 2442 meo
854 2378 980 2463 quidem
1006 2378 1086 2443 iudi·

125 2462 174 2525 010
195 2460 369 2545 diligenter
394 2461 496 2525 lectus
524 2461 561 2524 ad
592 2465 722 2546 cuncta,
752 2482 833 2545 quae
859 2463 1084 2546 praecipimus,

124 2544 309 2628 effingenda
331 2545 486 2609 sufficiat:
514 2546 561 2608 ita
582 2564 710 2609 omnem
730 2546 816 2610 vitae
837 2547 1012 2631 imaginem
1034 2568 1085 2611 ex·

122 2629 254 2712 pressit,
287 2628 496 2692 101110111οο
525 2628 709 2692 inveniendi
737 2629 828 2713 copia
856 2633 889 2694 01
918 2630 1084 2714 eloquendi

122 2712 271 2793 facultas,
293 2711 340 2775 ita
363 2716 412 2777 est
433 2712 579 2775 omnibus
601 2713 705 2794 rebus,
728 2714 883 2797 personis,
907 2713 1084 2778 adfectibus

87 2796 390 2863 'Oaceommodatus
420 2817 481 2860 nec
495 2795 577 2859 nihil
592 2795 736 2879 profecto
758 2797 906 2862 viderunt
939 2796 993 2880 qui
1016 2818 1083 2861 ora-

121 2880 237 2962 tiones,
261 2901 342 2964 quae
357 2878 493 2946 Charisii
508 2879 630 2943 nomini
646 2880 848 2964 addicuntur,
872 2902 891 2944 a
905 2847 1083 2944 llenandro

122 2964 258 3061 scriptas
279 2967 416 3060 putant..
434 2963 489 3028 sed
510 2964 590 3061 mihi
603 2964 700 3061 longe
714 2965 818 3050 magis
833 2966 940 3061 010101
953 2964 1083 3061 probari

120 3047 1082 3217 11111111111111111111111111

122 3218 178 3310 aut
198 3214 422 3278 meditationes
437 3215 472 3279 in
486 3181 681 3299 Psophodee,
703 3215 907 3300 Nomothete,
930 3215 1080 3300 Hypobo-

121 3298 236 3362 lrmaeo
250 3318 316 3361 uon
331 3298 478 3363 omnibus
489 3299 635 3363 oratoriis
652 3301 793 3364 numeris
809 3303 885 3365 sunt
908 3300 1079 3367 absolutae.

87 3385 109 3446 'l
122 3403 181 3466 ego
212 3386 321 3446 10111011
353 3383 424 3465 plus
461 3382 564 3447 adhue
596 3383 746 3480 quiddam
778 3385 978 3450 conlaturam
1008 3405 1080 3448 eum

122 3466 386 3531 declamatoribus
407 3469 495 3552 puto,
518 3489 668 3552 quomam
689 3468 741 3533 his
761 3488 892 3535 neeesse
906 3471 955 3534 est
968 3489 1080 3533 secun·
