2400 3984
122 196 164 262 36
404 210 621 269 oe'rurrmnuu
644 210 733 258 rusr.
759 209 815 258 ou.

122 368 213 428 sunt:
240 383 384 448 premere
405 383 479 426 vero
501 361 674 444 tumentia,
697 360 828 424 humilia
850 361 1012 444 extollere,
1037 362 1086 426 lu-

122 448 284 512 xuriantia
317 446 532 530 adstringere,
566 445 750 509 inordinata
781 446 941 530 digerere,
977 446 1087 511 soluta

124 553 325 616 componere,
367 530 544 595 exultantia
586 551 728 594 coercere
771 529 907 612 duplicis
947 550 1084 614 operae:

122 638 199 680 nam
230 619 263 680 et
289 615 472 679 damnanda
503 617 578 678 sunt
605 635 685 698 quae
718 614 906 697 placuerant
933 616 966 677 et
993 614 1084 679 inve-

93 701 242 765 2nienda
269 721 349 784 quae
379 699 542 784 fugerant.
598 719 658 762 nec
685 697 816 761 dubium
849 701 899 760 est
924 698 1085 781 optimum

124 807 191 849 esse
214 783 404 848 emendandi
425 805 537 868 genus,
562 783 589 846 si
610 783 731 865 scripta
752 782 787 845 in
809 780 934 865 aliquod
954 784 1085 867 tempus

124 871 336 952 reponantur,
366 872 403 932 ut
430 867 469 930 ad
497 889 534 931 ea
561 870 634 951 post
655 866 859 930 intervallum
885 865 973 930 velut
994 888 1082 931 nova

125 957 219 1036 atque
242 953 347 1016 aliena
369 951 533 1015 redeamus
565 972 606 1015 ne
628 951 720 1014 nobis
735 951 856 1034 scripta
869 953 979 1014 nostra
1000 953 1084 1015 tam-

93 1039 218 1121 3quam
244 1039 389 1100 recentes
416 1036 500 1101 fetus
532 1001 749 1099 irlandiantur.
803 1033 859 1098 sed
890 1054 993 1118 neque
1020 1035 1099 1100 hoc

124 1122 310 1205 contingere
344 1142 468 1203 semper
503 1123 609 1204 potest
641 1119 828 1202 praesertim
860 1119 996 1201 oratori,
1030 1120 1084 1184 eui

124 1206 250 1288 saepius
274 1204 411 1268 scribere
434 1205 473 1267 ad
498 1204 675 1287 praesentis
696 1225 771 1267 usus
798 1223 928 1267 necesse
955 1205 1019 1284 est,
1050 1208 1085 1267 et

123 1291 193 1372 ipsa
225 1288 405 1352 emendatio
436 1289 533 1352 finem
565 1288 693 1351 habeat.
745 1290 820 1351 sunt
847 1287 932 1350 enim
958 1286 1013 1370 qui
1041 1288 1085 1351 ad

123 1373 579 1521 llllutltltlttt
597 1372 712 1520 lilla
735 1370 1085 1520 ἑῗέἰῗὲεῗ’ωέῗέἐ

124 1541 308 1605 existiment
322 1540 474 1624 quidquid
489 1544 538 1604 est
552 1478 644 1622 aliid,
664 1478 759 1623 idqiie
777 1539 910 1620 faciant,
929 1504 1084 1622 'quotiens

123 1626 241 1689 librum
263 1625 298 1688 in
311 1646 424 1688 manus
440 1627 689 1707 resumpserunt,
704 1623 824 1687 similes
837 1622 968 1686 medicis
983 1622 1085 1687 etiam

123 1711 251 1793 integra
273 1709 465 1772 secantibus.
497 1708 612 1773 eccidit
634 1708 741 1792 itaque
763 1711 800 1771 ut
815 1707 1001 1771 cicatricosa
1015 1708 1086 1772 sint

94 1796 157 1858 det
185 1793 361 1877 exsanguia
389 1796 421 1856 et
450 1814 526 1857 eura
553 1792 671 1876 peiora.
728 1792 770 1855 sit
803 1812 879 1875 ergo
912 1790 1085 1875 aliquando

124 1879 207 1961 quod
228 1877 356 1960 placeat
378 1879 435 1940 aut
450 1879 535 1940 certe
558 1877 640 1960 quod
663 1875 813 1958 sufficiat,
836 1877 873 1938 ut
887 1896 966 1959 opus
981 1875 1086 1958 poliat

123 1963 211 2043 lima,
235 1982 301 2024 non
324 1963 455 2024 exterat.
499 1959 652 2043 temporis
674 1981 797 2043 quoque
819 1980 887 2023 esse
909 1959 1003 2023 debet
1016 1980 1084 2023 mo-

124 2046 193 2108 dus.
238 2066 314 2107 nam
337 2043 419 2126 quod
442 2042 565 2108 Oinnae
588 2042 757 2127 Smyrnam
778 2064 892 2106 novem
914 2042 1008 2107 annis
1030 2065 1083 2108 ae-

125 2129 266 2224 cepimus
288 2129 439 2210 scriptam
461 2131 493 2190 et
510 2128 742 2275 panegyricum
756 2127 918 2209 Isocratis,
941 2126 996 2210 qui
1010 2149 1084 2211 par-

126 2233 260 2293 cissime,
277 2210 386 2275 decem
401 2212 495 2274 annis
532 2211 622 2276 icunt
637 2211 845 2292 elaboratum,
869 2210 909 2274 ad
924 2214 1084 2276 oratorem

123 2296 206 2360 nihil
230 2295 388 2379 pertinet,
424 2297 511 2360 cuius
545 2294 668 2359 nullum
696 2295 772 2376 erit,
807 2295 834 2359 si
861 2297 929 2359 tam
954 2295 1084 2359 tardum

126 2380 233 2461 fuerit,
256 2379 419 2442 auxilium.

190 2463 227 2527 V.
264 2462 448 2527 Proximum
470 2466 533 2546 est,
560 2466 598 2528 ut
624 2464 780 2546 dicamus,
810 2484 890 2546 quae
912 2463 1084 2547 praecipue

125 2548 292 2611 scribenda
315 2548 380 2611 sint
403 2549 466 2616 ἕξιν
488 2547 686 2630 parantibus.
717 2559 834 2612 nonest
854 2547 1083 2631 uniusquidem

125 2631 240 2714 aperie,
257 2633 294 2693 ut
309 2631 510 2714 explicemus,
527 2652 607 2716 quae
622 2632 688 2694 sint
702 2631 867 2712 materiae,
884 2653 965 2715 quae
979 2632 1084 2715 prima

125 2719 181 2779 aut
208 2714 347 2779 secunda
374 2718 430 2778 aut
457 2714 607 2799 deinceps
634 2715 804 2779 tractanda
837 2716 904 2779 sint
936 2719 1024 2797 (nam
1049 2714 1085 2779 id

124 2802 246 2863 factum
268 2802 317 2862 est
338 2799 403 2862 iam
424 2798 526 2882 primo
548 2798 645 2881 libro,
700 2821 740 2863 uo
767 2820 952 2883 puerorum,
982 2802 1015 2863 et
1036 2821 1084 2863 se-

126 2883 239 2966 cundo,
257 2905 318 2966 quo
333 2884 398 2947 iam
409 2883 612 2947 robustorum
626 2821 739 2947 studiis
755 2884 899 2947 ordinem
914 2883 1082 2967 dedimus),

125 2968 195 3049 sed,
231 2968 269 3030 de
302 2990 363 3051 quo
385 2989 472 3030 nunc
494 2968 618 3051 agitur,
652 2968 737 3031 unde
766 2968 858 3052 copia
885 2989 924 3031 ac
944 2967 1083 3032 facilitas

125 3051 262 3114 maxime
284 3051 402 3115 veniat.

96 3136 116 3198 2
187 3134 322 3199 Vertere
344 3156 461 3220 graeca
481 3136 516 3199 in
536 3134 673 3199 latinum
688 3139 811 3200 veteres
825 3136 928 3201 nostri
943 3139 1083 3201 oratores

125 3219 279 3302 optimum
301 3219 496 3284 iudicabant.
532 3219 565 3282 id
588 3241 621 3283 se
642 3219 676 3285 L.
700 3219 832 3286 Crassus
854 3221 888 3284 in
911 3220 974 3285 illis
997 3218 1085 3286 Oice·

125 3303 213 3367 ronis
245 3303 284 3365 de
312 3303 446 3367 Oratore
475 3303 565 3366 libris
593 3303 671 3367 dicit
697 3303 878 3369 factitasse:
919 3304 952 3367 id
974 3303 1084 3370 Oicero

126 3387 870 3555 iststetl?tiltlulllutlllsstll
883 3389 1085 3560 stulu
