2400 3984
369 230 410 278 n.
440 224 661 296 cam-23.
696 227 835 307 c,1-a
1043 211 1084 275 41

127 379 434 464 extemporalemque
455 378 618 444 fortunam
632 380 736 444 media
755 380 910 464 quaedam
927 383 960 444 et
977 379 1086 443 nescio

127 484 170 529 an
191 484 267 527 usus
295 463 555 547 frequentissimi.
606 485 683 528 nam
710 465 847 529 scribere
875 486 941 528 non
968 463 1086 546 ubique

126 568 187 611 nec
208 568 333 632 semper
354 569 538 631 possumus,
570 548 757 632 cogitationi
789 548 941 632 temporis
964 569 1002 611 ac
1023 547 1085 611 loci

125 631 298 715 plurimum
319 635 378 695 est.
419 631 499 696 haec
520 634 630 715 paucis
652 632 821 696 admodum
843 632 929 696 horis
949 653 1085 715 magnas

127 715 224 780 etiarn
238 736 350 780 causas
366 717 604 799 complectitur:
619 716 708 797 haec,
724 716 871 813 quotiens
886 716 1085 779 intermissus

127 801 176 864 est
203 820 348 882 somnus,
382 799 461 883 ipsis
489 799 593 864 noctis
621 800 763 865 tenebns
790 800 972 864 adiuvatur:
1005 798 1086 862 haec

127 884 213 947 inter
234 883 354 948 medios
374 904 479 947 rerum
503 886 593 948 actus
615 883 734 968 aliquid
755 884 880 948 invenit
905 883 998 948 vacui
1025 903 1085 946 nec

128 966 229 1031 otium
256 968 386 1050 patitur.
436 988 541 1050 neque
569 988 643 1031 vero
670 989 775 1032 rerum
805 968 948 1031 ordinem
965 949 1115 1048 modo,2

127 1051 210 1135 quod
231 1049 338 1134 ipsum
366 1050 444 1114 satis
473 1054 559 1131 erat,
588 1051 676 1116 intra
697 1073 731 1116 se
752 1052 823 1134 ipsa
844 1051 1000 1135 disponit,
1030 1050 1086 1114 sed

127 1135 224 1199 verba
246 1135 344 1198 etiam
360 1133 488 1217 copulat
502 1137 665 1219 totamque
680 1136 726 1200 ita
742 1136 884 1199 contexit
898 1135 1084 1217 orationem,

126 1221 164 1282 ut
178 1219 207 1282 ei
221 1218 303 1282 nihil
318 1223 446 1301 praeter
465 1240 597 1282 manum
619 1219 715 1283 desit:
738 1241 814 1283 nam
828 1219 996 1283 memoriae
1011 1240 1086 1302 quo-

127 1323 187 1386 que
202 1301 388 1386 plerumque
401 1302 572 1367 inhaerent
585 1302 708 1367 fidelius
723 1325 804 1386 quae
819 1302 908 1367 nulla
927 1302 1087 1366 scribendi

127 1387 297 1450 securitate
320 1386 479 1450 laxantur.

191 1469 253 1534 Sed
275 1490 316 1534 ne
332 1470 371 1534 ad
393 1470 479 1534 hanc
500 1470 628 1553 quidem
650 1471 714 1534 vim
738 1471 903 1555 cogitandi
924 1470 1085 1554 perveniri

127 1556 234 1638 potest
256 1557 311 1617 aut
332 1554 438 1618 subito
466 1557 523 1618 aut
550 1555 624 1619 cito.
668 1577 745 1618 nam
772 1555 910 1638 primum
937 1549 1117 1618 facienda3

127 1638 228 1701 multo
262 1637 335 1702 stilo
362 1637 466 1703 forma
493 1641 557 1721 est,
592 1659 673 1723 quae
700 1660 758 1703 nos
786 1638 883 1703 etiam
912 1638 1086 1722 cogitantis

128 1723 292 1805 sequatur:
314 1724 384 1785 turn
406 1721 618 1785 adsumendus
640 1743 714 1786 usus
737 1722 903 1805 paulatim,
927 1725 963 1785 ut
976 1743 1087 1869 pauca

127 1807 267 1889 primum
296 1805 544 1887 complectamur
573 1805 695 1889 animo,
725 1827 806 1889 quae
834 1805 923 1869 reddi
952 1805 1088 1870 fieliter

128 1889 281 1973 possint‚.
299 1909 373 1951 mox
400 1909 458 2035 per
478 1888 677 1953 incrementa
698 1892 766 1953 tam
787 1889 926 1971 modica,
956 1892 993 1953 ut
1014 1910 1088 1954 one-

128 1972 194 2036 rari
216 1992 249 2035 se
270 1971 362 2035 labor
381 1973 437 2036 ile
458 1993 524 2038 nen
547 1973 682 2057 sentiat,
707 1974 854 2058 augenda
875 1973 924 2038 vis
946 1976 978 2039 et
1001 1994 1087 2036 exer-

129 2055 282 2121 citatione
296 2056 398 2120 multa
415 2055 608 2153 centinenda
630 2059 688 2154 est,
712 2078 792 2141 quae
808 2058 933 2154 quidem
948 2057 1088 2153 maxima

128 2143 640 2322 irritamentum:
655 2140 1030 2321 situatam}
1051 2163 1120 2287 lta

129 2330 167 2455 l’
187 2308 728 2456 tttnltstfttttil‘dndtttm’
740 2308 1088 2456 dienatllttttlltui

129 2414 210 2560 qiite
232 2413 397 2557 scripserit
411 2441 506 2558 atqui
529 2475 694 2540 edidicerit
714 2414 747 2540 iii
765 2476 856 2540 dicen
880 2413 1013 2541 ofideni
1024 2497 1087 2539 ser-

130 2562 216 2623 vent.
250 2559 359 2624 (icero
382 2561 467 2624 certe
483 2558 676 2624 Graecorum
691 2559 907 2624 Metrodorum
922 2560 1088 2643 Scepsium

130 2647 163 2708 et
177 2643 349 2727 Empylum
364 2641 525 2706 Rhodium
539 2647 782 2727 nostrorumque
796 2643 1004 2708 Hortensium
1021 2646 1086 2706 tra·

129 2727 210 2829 didit
237 2748 319 2811 quae
348 2726 570 2811 cogitaverant
597 2728 637 2791 ad
664 2728 795 2792 verbum
821 2728 857 2792 in
879 2728 1004 2812 agendo
1025 2728 1088 2789 ret

128 2812 255 2960 thSseed
277 2894 304 2959 si
325 2893 409 2959 forte
431 2893 637 2979 aliquixinter
659 2894 827 2959 dicendum
852 2846 1008 2971 dffulserit
1037 2885 1120 2957 ex·5

129 2979 314 3077 temporalis
337 2979 438 3062 color,
461 2999 528 3042 non
549 2978 768 3074 superstitiose
791 2977 940 3062 cogitatis
962 2977 1089 3041 demum

130 3067 179 3127 est
200 3063 442 3128 inhaerendum.
471 3083 574 3147 neque
596 3083 682 3126 emm
704 3064 829 3125 tantum
844 3061 967 3127 habent
982 3083 1087 3144 curae,

129 3150 167 3210 ut
194 3168 270 3210 non·
288 3147 332 3213 sit
358 3147 482 3211 dandus
510 3149 543 3210 et
573 3146 722 3211 fortunae
748 3145 854 3228 locus,
890 3166 962 3209 eum
994 3165 1089 3228 saepe

133 3230 231 3295 etiam
253 3231 381 3315 scripti·
405 3252 442 3295 ea
464 3251 545 3316 quae
568 3231 673 3296 subito
694 3232 773 3294 nata
795 3232 871 3293 sunt
892 3230 1087 3293 inserantur.

129 3313 262 3398 ideoque
283 3317 386 3378 toturn
407 3314 468 3379 hoc
489 3314 727 3380 exercitationis
741 3335 845 3399 genus
859 3314 906 3379 ita
920 3312 1090 3377 instituen-

131 3398 205 3462 dum
228 3401 287 3481 est,
309 3400 346 3462 ut
368 3400 401 3461 et
422 3398 547 3483 digredi
568 3420 607 3463 ex
629 3419 667 3464 eo
689 3402 721 3463 et
743 3397 869 3483 regredi
890 3397 925 3461 in
946 3396 980 3461 id
993 3395 1090 3460 facile

130 3482 298 3566 possimus.
348 3503 426 3546 narn
446 3485 483 3546 ut
504 3484 643 3566 primunr
666 3485 714 3547 est
735 3483 828 3547 domo
852 3481 976 3546 adferre
998 3475 1121 3564 para-6
