2400 3984
352 222 385 268 x.
426 226 452 267 e.
469 217 495 283 4,
519 216 613 266 1-4.
651 216 677 287 a,
701 217 795 268 1-7,
1013 202 1053 269 37

94 370 283 436 translatos:
311 371 344 433 id
366 369 522 434 Messalae
549 371 686 454 placuit,
714 370 895 455 multaeque
916 374 992 436 sunt
1014 373 1054 437 ab

96 477 133 519 eo
155 456 292 539 scriptae
315 454 355 518 ad
377 454 463 517 hunc
477 455 605 518 modum
619 456 789 537 orationes,
813 455 890 520 adeo
905 459 942 520 ut
957 456 1055 520 etiarn

97 562 169 603 cum
191 539 248 603 illa
269 529 441 622 Hyperidis
463 560 522 621 pro
542 538 670 622 Phryne
692 539 881 603 difficillima
902 539 1055 604 Romanis

96 624 274 687 subtilitate
297 622 510 686 contenderet.
562 626 595 686 ct
621 623 794 687 manifesta
822 626 870 687 est
902 625 1055 688 exercita-

95 707 194 771 tionis
227 707 357 771 huiusce
384 707 475 769 ratio.
524 727 601 770 nam
629 711 661 770 et
692 729 798 771 rerum
827 707 919 790 copia
946 709 1083 792 graeci3

97 794 241 855 auctores
257 789 424 855 abundant
444 794 476 854 et
496 791 666 873 plurimum
681 792 759 855 artis
781 791 816 855 in
839 791 1055 875 eloquentiam

95 875 275 939 intulerunt
296 878 328 938 et
350 874 407 939 hos
435 875 703 939 transferentibus
730 875 835 939 verbis
856 875 904 939 uti
926 877 1055 960 optimis

96 960 189 1023 licet:
224 959 370 1024 omnibus
400 959 485 1023 enim
513 959 781 1024 utimurnostris.
825 959 947 1043 figuras
968 981 1054 1042 vero,

96 1043 208 1126 quibus
230 1043 368 1107 maxime
391 1045 523 1106 ornatur
545 1043 659 1125 oratio,
681 1044 800 1107 multas
822 1065 860 1106 ac
881 1043 986 1106 varias
1004 1066 1055 1107 ex-

97 1127 261 1211 cogitandi
290 1128 387 1190 etiam
414 1126 587 1190 necessitas
614 1128 854 1211 quaedamst,
888 1127 963 1211 quia
990 1127 1055 1211 ple-

95 1232 227 1294 rumque
249 1233 268 1274 a
289 1209 413 1294 graecis
435 1230 567 1274 romana
588 1211 792 1275 dissentiunt.

159 1294 221 1360 Sed
244 1297 276 1358 et
297 1293 353 1358 illa
375 1314 414 1358 ex
435 1293 546 1357 latinis
575 1295 738 1359 conversio
765 1295 900 1358 multum
923 1298 956 1359 et
982 1295 1083 1378 ipsa4

96 1378 278 1443 contulerit.
318 1400 356 1442 ac
378 1378 417 1443 de
433 1378 627 1443 carminibus
643 1379 769 1462 quidem
783 1381 946 1443 neminem
961 1380 1054 1443 credo

95 1463 251 1544 dubitare,
276 1483 337 1546 quo
360 1462 427 1526 solo
449 1482 566 1546 genere
589 1463 826 1526 exercitationis
848 1463 965 1527 dicitur
979 1485 1055 1527 usus

96 1568 164 1611 esse
188 1546 356 1631 Sulpicius.
407 1567 483 1610 nam
514 1549 546 1610 et
572 1547 716 1610 sublimis
744 1546 874 1630 spiritus
903 1545 1055 1611 adtollere

95 1630 275 1696 orationem
302 1632 426 1714 potest,
456 1632 488 1693 et
514 1631 611 1694 verba
633 1631 759 1713 poetica
784 1630 932 1694 libertate
960 1630 1055 1694 auda

98 1717 183 1779 ciora
211 1736 278 1780 non
306 1717 513 1798 praesumunt
540 1714 673 1778 eandem
700 1714 827 1797 proprie
856 1713 981 1778 dicendi
1009 1715 1056 1778 fa·

97 1799 260 1863 cultatem.
305 1798 361 1861 sed
383 1801 416 1861 et
436 1796 515 1879 ipsis
538 1797 706 1861 sententiis
736 1798 860 1861 adicere
883 1798 959 1861 licet
986 1819 1055 1861 ora-

96 1882 212 1947 torium
239 1881 336 1945 robur
357 1885 390 1944 et
411 1881 527 1944 omissa
549 1880 696 1964 supplere
719 1884 752 1945 et
779 1880 878 1945 effirsa
899 1881 1056 1945 substrin-

96 1988 182 2050 gere.
213 1986 316 2049 neque
338 1986 399 2049 ego
420 1964 642 2049 paraphrasim
665 1986 733 2029 esse
754 1965 1083 2048 interpretationem5

95 2054 223 2114 tantum
238 2049 320 2132 volo,
344 2049 399 2113 sed
415 2048 499 2113 circa
514 2050 640 2114 eosdem
656 2070 767 2113 sensus
783 2052 944 2113 certamen
960 2051 1055 2132 atque

97 2133 352 2198 aemulationem.
383 2133 516 2216 ideoque
536 2135 576 2198 ab
597 2132 661 2197 illis
676 2133 839 2215 dissentio,
863 2133 917 2216 qui
931 2135 1055 2197 valtero

96 2218 257 2281 orationes
289 2216 408 2281 latinas
442 2220 570 2300 vetant,
612 2216 686 2300 quia
717 2216 847 2299 optimis
879 2217 1053 2299 occupatis,

96 2301 248 2386 quidquid
271 2300 365 2365 aliter
386 2301 573 2384 dixerimus,
597 2322 726 2365 necesse
748 2301 792 2365 sit
814 2321 881 2364 esse
904 2299 1052 2364 deterius.

95 2407 172 2448 nam
199 2405 302 2469 neque
330 2406 455 2467 semper
481 2388 530 2448 est
563 2384 794 2468 desperandum
826 2383 946 2468 aliquid
978 2383 1053 2467 illis,

96 2489 177 2552 quae
200 2468 286 2532 dicta
309 2471 394 2550 sunt,
416 2468 529 2532 melius
555 2489 648 2552 posse
673 2467 822 2553 reperiri,
850 2489 953 2615 neque
976 2469 1054 2533 adeo

95 2552 236 2616 ieiunam
259 2572 298 2615 ae
341 2573 491 2636 auperem
519 2556 635 2617 natura
662 2552 875 2636 eloquentiam
913 2551 990 2635 ecit,
1017 2555 1055 2615 ut

94 2658 159 2700 una
189 2636 227 2699 de
254 2657 288 2700 re
316 2573 398 2701 bene
426 2635 489 2700 dici
517 2637 579 2701 nisi
606 2637 704 2702 semel
730 2658 796 2702 non
822 2637 934 2720 possit.
991 2635 1083 2702 nisit

93 2720 177 2785 forte
206 2718 398 2785 histrionum
425 2720 527 2784 multa
555 2723 640 2786 eirca
665 2741 759 2786 voces
782 2720 909 2785 easdem
930 2721 1054 2783 variare

94 2807 207 2888 gestus
229 2807 351 2887 potest,
375 2804 489 2868 orandi
510 2805 615 2869 minor
635 2805 694 2887 vis,
717 2808 755 2868 ut
776 2804 900 2868 dicatur
922 2802 1053 2886 aliquid,

93 2891 168 2971 post
189 2888 273 2972 quod
295 2888 330 2951 in
346 2888 456 2952 eadem
477 2889 613 2952 materia
634 2887 717 2951 nihil
732 2888 901 2952 dicendum
912 2887 968 2951 sit.
1000 2887 1056 2951 sed

96 2975 165 3037 esto
187 2994 291 3058 neque
313 2971 426 3037 melius
455 2972 539 3055 quod
560 2972 739 3036 invenimus
768 2992 837 3036 esse
858 2992 961 3055 neque
983 2993 1053 3056 par,

95 3059 146 3120 est
169 3060 255 3121 certe
276 3055 429 3141 proximis
456 3057 554 3121 locus.
607 3078 649 3120 an
675 3077 750 3122 vero
772 3056 834 3141 ipsi
856 3076 923 3120 non
944 3055 994 3119 bis
1017 3059 1082 3123 ael

93 3139 219 3223 saepius
242 3141 281 3205 de
309 3142 419 3206 eadem
446 3162 481 3205 re
508 3140 643 3205 dicimus
672 3144 704 3205 et
731 3141 858 3227 quidem
886 3141 1055 3205 continuas

94 3245 334 3308 nonnumquam
356 3224 557 3290 sententias?
584 3226 648 3290 nisi
674 3225 758 3291 forte
786 3223 977 3289 contendere
998 3244 1055 3287 no·

94 3308 217 3372 hiscum
244 3327 427 3392 possumus,
456 3331 528 3374 cum
557 3310 629 3374 aliis
656 3330 723 3374 non
749 3329 927 3395 possumus.
977 3327 1054 3371 nam

94 3391 120 3455 si
152 3412 216 3455 uno
245 3411 364 3476 genere
391 3392 473 3458 hene
499 3394 672 3478 diceretur,
703 3392 754 3459 fas
782 3397 852 3458 erat
879 3390 1054 3456 existimari

94 3474 294 3561 praeclusam
315 3477 409 3542 nobis
432 3499 452 3541 a
478 3479 638 3562 prioribus
664 3477 767 3544 viam:
794 3497 882 3542 nunc
909 3496 984 3540 vero
1005 3476 1054 3540 in·
