2400 3984
448 170 482 216 x.
520 173 547 216 c.
566 165 721 236 1,1-1o.
1032 153 1054 217 5

90 321 240 386 videntur
267 319 410 401 sordida,
439 319 493 383 ubi
516 341 566 384 res
588 319 707 403 poscit,
736 320 865 403 proprie
892 320 1050 385 dicuntur.

91 406 171 470 haec
199 410 236 468 ut
268 404 404 467 sciamus
433 409 526 487 atque
554 424 663 467 eorum
690 425 757 468 non
783 405 1052 490 significationem
1065 407 1103 474 10

91 489 184 554 modo
191 538 200 571 ,
230 486 284 552 sed
306 488 425 550 formas
448 488 545 550 etiam
572 509 799 572 mensurasque
820 491 978 570 norimus,
1006 494 1052 574 ut,

90 573 280 655 ubicumque
303 573 398 635 erunt
418 571 533 655 posita,
556 573 760 654 conveniant,
783 573 846 636 nisi
868 573 970 637 multa
990 573 1052 638 lec·

90 658 179 721 tione
201 661 295 739 atque
318 655 479 718 auditione
501 655 631 739 adsequi
652 655 741 719 nullo
762 656 856 720 modo
875 677 1052 740 possumus,

92 762 163 806 cum
186 760 312 804 omnem
333 760 511 802 sermonem
533 740 662 802 auribus
684 740 823 822 primum
846 741 1050 823 accipiamus.

90 827 222 907 propter
236 822 319 907 quod
334 823 477 887 infantes
493 845 512 886 a
526 823 624 887 mutis
637 823 816 888 nutricibus
830 823 919 888 iussu
939 845 1052 908 regum

90 912 125 972 in
142 907 311 971 solitudine
328 906 465 989 educati,
488 907 615 970 etiamsi
630 909 727 971 verba
741 907 897 992 quaedam
911 907 1052 972 emisisse

89 992 272 1073 traduntur,
296 995 406 1054 tamen
427 990 578 1074 loquendi
592 990 747 1056 facultate
763 995 944 1057 caruerimt.
978 996 1096 1059 suntll

91 1078 198 1140 autem
221 1074 285 1138 alia
305 1074 400 1137 huius
421 1077 565 1157 naturae,
593 1078 631 1138 ut
652 1075 736 1138 idem
758 1077 902 1158 pluribus
923 1076 1053 1140 vocibus

91 1160 271 1242 declarent,
306 1159 352 1222 ita
378 1161 415 1221 ut
447 1157 530 1221 nihil
562 1159 824 1243 significationis,
858 1181 920 1244 quo
946 1161 1052 1243 potius

90 1244 192 1307 utaris
198 1292 207 1325 ,
235 1242 377 1325 intersit,
405 1245 442 1306 ut
465 1241 583 1305 ‘ensis'
612 1245 644 1306 et
672 1242 849 1327 ‘gladius',
877 1244 941 1308 alia
968 1265 1052 1328 vero,

91 1327 217 1392 etiamsi
238 1326 368 1410 propria
389 1346 496 1390 rerum
517 1326 695 1410 aliquarum
717 1328 785 1391 sint
803 1328 951 1409 nomina,
980 1349 1052 1408 τρο-

90 1415 191 1477 πικῶς
210 1408 319 1496 [quate
333 1407 453 1495 tamen]
472 1410 512 1473 ad
529 1411 664 1474 eundem
677 1410 877 1475 intellectum
893 1411 1052 1495 feruntur,

91 1498 128 1559 ut
150 1494 303 1558 ‘ferrum’
327 1497 359 1557 et
375 1498 529 1557 ‘muerot
559 1515 636 1557 nam
649 1516 707 1577 per
722 1495 909 1559 abusionem
922 1496 1053 1559 sicarios
1065 1499 1104 1562 12

93 1580 191 1643 etiam
213 1578 317 1642 omnis
338 1598 503 1660 vocamus„
535 1577 590 1661 qui
619 1579 747 1642 eaedem
769 1579 834 1642 telo
856 1600 1054 1663 quocumque

92 1662 328 1727 commiserunt.
361 1661 425 1725 alia
444 1661 578 1725 circuitu
600 1662 766 1726 verborum
788 1663 928 1745 plurium
949 1667 1055 1729 osten·

91 1746 205 1828 dimus,
229 1745 321 1829 quale
337 1749 386 1809 est
406 1748 444 1808 et
465 1745 592 1827 pressi
615 1747 731 1829 copia
751 1745 885 1811 lactis.
916 1747 1055 1830 plurima

89 1852 165 1895 vero
179 1830 356 1893 mutatione
371 1829 560 1912 figuramus:
584 1828 649 1892 scio
671 1834 753 1892 ‘non
767 1830 900 1914 ignoro'
922 1833 955 1894 et
971 1835 1054 1895 ‘non

90 1936 141 1979 me
168 1913 271 1997 fugit'
300 1916 333 1976 et
361 1917 444 1976 ‘non
465 1933 516 1975 me
537 1911 707 1995 praeterit'
736 1916 769 1977 et
798 1914 887 1998 ‘quis
907 1913 1052 1979 nescitl'

91 2000 124 2061 et
146 1996 285 2060 ‘nemini
307 1995 438 2060 dubium
460 1999 537 2060 est'.
568 1995 623 2060 sed
646 1997 744 2061 etiam
765 2019 804 2061 ex
825 1998 970 2080 proximo
984 2020 1052 2063 mu·
1063 2000 1103 2065 13

90 2081 176 2145 tuari
198 2080 290 2144 licet:
326 2102 403 2144 nam
432 2083 464 2143 et
492 2079 680 2165 ‘intellego'
709 2084 742 2145 et
770 2082 906 2145 ‘centio'
930 2086 963 2146 et
991 2083 1054 2145 ‘vi-

92 2166 167 2228 deo’
191 2185 286 2247 saepe
307 2163 392 2228 idem
411 2165 521 2227 valent
542 2165 626 2247 quod
648 2165 761 2229 ‘scio'.
806 2186 938 2248 quorum
959 2165 1080 2239 nobis,

90 2249 272 2312 ubertatem
294 2269 332 2313 ae
354 2247 481 2311 divitias
503 2247 594 2311 dabit
614 2247 720 2330 lectio,
743 2250 780 2312 ut
794 2269 860 2312 non
876 2249 978 2312 solum
992 2269 1055 2331 quo

90 2333 184 2396 modo
212 2335 395 2414 occurrent,
423 2331 479 2395 sed
506 2332 602 2395 etiam
630 2352 691 2414 quo
717 2330 810 2396 modo
836 2335 964 2414 oportet
984 2336 1053 2395 uta·

92 2437 173 2480 mur.
216 2436 282 2479 non
310 2436 436 2498 semper
458 2414 543 2478 enim
565 2413 644 2477 haec
658 2415 744 2479 inter
758 2436 792 2479 se
811 2414 897 2478 idem
915 2415 1051 2497 faciunt,
1064 2417 1104 2480 14

93 2521 154 2564 nec
176 2499 259 2564 sicut
280 2499 320 2562 de
340 2498 507 2562 intellectu
529 2498 628 2561 animi
650 2501 736 2561 recte
758 2498 892 2562 dixerim
915 2498 1052 2579 ‘video’,

92 2584 140 2648 ita
161 2582 201 2646 de
230 2582 301 2646 visu
328 2581 492 2646 oculorum
519 2581 722 2665 ‘intellego',
756 2603 817 2647 nee
844 2585 881 2646 ut
909 2587 1052 2647 ‘mucro'

91 2666 249 2752 gladium,
280 2666 327 2729 sic
353 2686 538 2730 mucronem
559 2664 721 2749 ‘gladius'
745 2667 895 2730 ostendit.
940 2666 997 2731 sed
1019 2668 1055 2730 ut
1066 2666 1105 2732 15

91 2749 1055 2919 tltttltsstlllttttattlt.vestrm·

92 2939 309 3002 quaecumque
331 2917 496 2998 docemus,
525 2914 587 2979 hoc
609 2920 686 2980 sunt
707 2916 852 3000 exempla
874 2882 1056 2999 potentiora²

92 3002 191 3066 etiam
212 3002 290 3085 ipsis
313 3023 393 3085 quae
407 3001 579 3065 traduntur
593 3000 825 3083 a1tibus,fcum
840 3021 877 3067 eo
892 3001 947 3083 qui
961 3000 1057 3066 discit

91 3084 264 3169 perductus
293 3089 358 3168 est,
386 3089 424 3149 ut
450 3083 638 3169 intellegere
665 3085 793 3149 casine
816 3086 1056 3149 demonstrante

93 3172 128 3233 et
149 3169 238 3253 sequi
259 3169 325 3233 iam
346 3170 413 3233 suis
435 3167 556 3232 viribus
577 3167 694 3252 possiti
724 3169 815 3252 quia,
844 3190 925 3252 quae
947 3169 1057 3235 doctor

91 3254 266 3338 praecepit,
290 3257 398 3317 orator
419 3251 570 3317 ostendit.

157 3337 233 3401 Alia
255 3357 330 3400 vero
347 3337 515 3415 audientia,
538 3334 601 3399 alia
616 3335 756 3433 legentis
772 3335 876 3433 magis
891 3335 1055 3400 adiuvant.
1068 3336 1107 3399 16

92 3420 215 3486 excitat
237 3420 292 3504 qui
315 3418 394 3484 dicit
416 3421 530 3503 spiritu
551 3420 638 3503 ipso,
661 3441 885 3504 nec1mag1ne
908 3417 1056 3507 [ambitu]
