2400 3984
125 216 168 279 30
396 230 616 290 eururmmru
638 235 728 286 ursr.
752 235 810 283 on.

127 404 221 466 quam
236 382 309 464 illis,
331 381 386 465 qui
408 382 511 447 adhuc
526 385 641 448 summi
655 388 741 467 sunt,
766 387 982 470 contigerunt.
1010 409 1092 453 nam

128 466 289 550 erithace
311 487 433 550 quoque
454 467 524 530 laus
547 489 671 552 eorum,
701 473 737 533 ut
765 470 886 553 priores
908 492 1091 557 superasse,

126 553 270 635 posteros
292 549 435 615 docuisse
457 551 616 616 dieantur.

190 633 249 699 ΙΙΙ.
292 633 337 698 Et
363 635 443 699 haee
470 636 597 719 quidem
625 636 744 700 aurilia
772 636 970 701 extrinsecus
997 639 1090 702 adhi-
1119 670 1122 675 ·

127 719 259 782 beatur:
282 718 318 782 in
339 719 379 782 iis
401 723 508 783 autem
530 741 610 802 quae
632 721 724 784 nobis
746 720 824 803 ipsis
840 720 985 805 paranda
998 727 1089 806 sunt,

126 805 162 865 ut
189 802 322 884 laboris,
351 803 398 866 sic
418 802 567 867 utilitatis
595 805 692 868 etiam
720 805 816 889 longe
837 804 1010 887 plurimum
1033 808 1089 870 ad·

125 886 189 950 fert
219 886 348 949 stilus.
399 907 460 951 nee
486 887 634 953 inmerito
656 887 700 952 M.
724 888 846 952 Tullius
868 887 955 952 hune
982 891 1088 972 opti·

125 991 224 1033 mum
240 970 474 1034 effectorem
495 993 539 1036 ac
554 972 790 1056 magistrum
805 972 966 1036 dicendi
981 979 1089 1059 vocat,
1130 1050 1134 1058 ¹

127 1054 177 1118 cui
200 1055 379 1118 sententiae
401 1076 569 1137 personam
584 1057 619 1120 L.
637 1055 744 1121 Crassi
757 1058 793 1120 in
814 1055 1089 1139 disputationibus

125 1159 206 1221 quae
239 1141 314 1201 sunt
346 1138 385 1201 de
418 1142 543 1203 oratore
577 1140 777 1224 adsignando
808 1140 959 1203 iudicium
991 1162 1087 1206 suum

95 1221 199 1285 2cum
230 1221 317 1285 illius
345 1223 535 1288 auctoritate
558 1224 734 1287 coniunxit.
776 1223 979 1287 scribendum
1007 1246 1088 1310 ergo

124 1327 221 1389 quam
252 1305 497 1390 diligentissime
530 1311 562 1370 et
589 1328 684 1391 quam
710 1307 893 1390 plurimum.
945 1329 1021 1371 nam
1049 1313 1088 1374 ut

123 1392 211 1453 terra
238 1388 301 1453 alte
328 1389 441 1454 effossa
469 1392 661 1476 generandis
694 1391 878 1474 alendisque
908 1392 1087 1457 seminibus

123 1472 290 1537 fecundior
317 1473 370 1556 fit,
406 1475 452 1537 sic
486 1475 648 1558 profectus
675 1497 739 1539 non
768 1498 787 1538 a
815 1497 936 1539 summo
962 1476 1087 1559 petitus

124 1557 298 1621 studiorum
320 1557 444 1621 fructus
467 1561 500 1621 et
526 1559 634 1623 fundit
654 1558 782 1622 uberius
810 1563 842 1625 et
863 1559 987 1623 fidelius
1010 1581 1087 1625 eon·

123 1641 216 1705 tinet.
267 1663 343 1704 narn
371 1642 440 1704 sine
464 1642 526 1705 hac
573 1644 679 1706 uidem
707 1643 903 1707 conscientia
929 1644 1000 1727 ipsa
1027 1644 1087 1709 illa

124 1747 163 1789 ex
184 1728 325 1807 tempore
341 1725 467 1789 dicendi
488 1665 624 1791 facultas
645 1728 776 1791 inanem
796 1728 889 1791 modo
909 1727 1086 1811 loquacita-

95 1811 192 1874 3tem
214 1810 304 1873 dabit
326 1813 359 1873 et
379 1811 476 1874 verba
498 1812 533 1874 in
553 1811 653 1875 labris
679 1812 856 1875 nascentia.
906 1811 974 1876 illie
999 1813 1085 1876 radi·

125 1915 187 1975 ees,
211 1893 276 1957 illie
297 1893 507 1958 fundamenta
529 1899 614 1978 sunt,
637 1895 705 1959 illic
726 1917 802 1978 opes
822 1894 909 1959 velut
923 1898 1085 1961 sanctiore

123 1977 259 2061 quedam
282 1978 404 2041 aerario
436 1979 597 2060 conditae,
632 1979 716 2044 unde
744 1980 784 2043 ad
812 1980 932 2043 subitos
960 2001 1086 2063 quoque

125 2083 228 2143 casus,
252 2083 323 2125 cum
345 2082 396 2125 res
418 2063 536 2146 exiget,
565 2063 778 2146 proferantur.
821 2064 904 2126 vires
925 2063 1084 2128 faciamus

124 2149 199 2208 ante
228 2146 352 2226 omnia,
381 2167 462 2229 quae
490 2146 654 2211 sufficiant
680 2147 782 2224 labori
812 2147 1021 2210 certaminum
1049 2152 1085 2213 et

94 2230 183 2294 4usu
209 2251 276 2293 non
303 2229 542 2294 exhauriantur.
587 2230 668 2294 nihil
695 2230 780 2293 enim
806 2249 912 2293 rerum
933 2229 1004 2311 ipsa
1025 2252 1083 2294 na·
1131 2282 1135 2287 .

123 2318 197 2377 tura
210 2314 311 2377 uoluit
331 2335 484 2398 magnum
500 2314 583 2378 effici
600 2315 663 2378 cito
676 2313 921 2396 praeposuitque
935 2312 1083 2394 pulcher-

123 2399 203 2461 rimo
220 2399 330 2481 cuique
345 2398 434 2481 operi
449 2398 682 2481 difficultatem,
698 2418 778 2480 quae
793 2397 946 2461 nascendi
957 2417 1084 2481 quoque

123 2481 208 2544 hane
222 2481 337 2545 feeerit
352 2482 467 2566 legem,
490 2485 526 2545 ut
547 2483 669 2546 maiora
684 2481 837 2546 animalia
851 2480 969 2545 diutius
984 2481 1083 2545 visce-

123 2566 211 2629 ribus
229 2568 376 2710 parentis
399 2565 650 2630 continerentur.

188 2648 227 2713 Se

272 2670 342 2712 cum
365 2650 407 2714 sit
428 2649 544 2732 duplex
565 2650 725 2732 quaestio,
748 2671 810 2732 quo
831 2649 925 2713 modo
947 2651 980 2713 et
1001 2669 1082 2732 quse

123 2733 261 2798 maxime
283 2732 380 2796 scribi
401 2735 561 2815 oporteat,
589 2733 655 2795 iam
681 2731 758 2797 hinc
785 2733 928 2797 ordinem
956 2754 1080 2816 sequar.

94 2817 167 2882 esic
182 2817 284 2900 primo
306 2816 356 2880 uel
378 2817 500 2899 tardus,
524 2817 598 2880 dum
614 2816 752 2900 diligens
766 2817 869 2899 stilus,
893 2837 1082 2899 quaeramus

124 2903 245 2984 optima
266 2922 326 2964 neo
347 2902 493 2985 protinus
515 2900 721 2964 offerentibus
743 2922 776 2965 se
798 2901 1003 2985 gaudeamus,
1028 2901 1082 2963 ad·

123 2984 272 3048 hibentur
293 2984 445 3050 iudicium
471 2985 628 3067 inventis,
657 2985 822 3068 dispositio
844 2983 1002 3067 probatis:
1035 2985 1080 3048 di-

123 3068 226 3131 lectus
248 3069 334 3131 enim
355 3090 461 3133 rerum
475 3069 704 3152 verborumque
720 3068 862 3153 agendus
884 3071 934 3131 est
955 3071 987 3131 et
1002 3090 1080 3151 pon·

123 3152 199 3215 dera
234 3151 283 3214 sin
331 3152 433 3216 lorum
467 3153 690 3217 examinanda.
767 3154 817 3215 ost
851 3152 963 3217 subeat
997 3153 1080 3216 ratio

125 3234 279 3300 conloean
302 3236 311 3299 i
335 3239 562 3320 versenturque
584 3236 671 3300 omni
692 3175 785 3299 modo
806 3237 941 3320 numeri,
963 3257 1029 3300 non
1043 3241 1081 3300 ut

93 3318 268 3402 bquodque
290 3341 324 3382 se
345 3319 486 3402 proferet
517 3321 648 3384 verbum
671 3323 805 3403 occupet
831 3321 947 3385 locum.
999 3342 1080 3403 quae

122 3403 249 3485 quidem
270 3407 307 3467 ut
326 3403 512 3487 diligentius
532 3425 734 3488 exequamur,
762 3405 935 3488 repetenda
954 3403 1079 3486 saepius

123 3490 218 3551 erunt
239 3488 430 3571 scriptorum
456 3489 610 3571 proxima.
659 3510 736 3553 nam
764 3493 892 3573 praeter
917 3488 966 3571 id,
996 3487 1077 3570 quod
