2400 3984
440 217 475 263 x.
499 221 526 263 c.
544 212 569 282 1,
586 210 715 263 ro-se.
1019 198 1058 262 17

94 370 255 435 suavitate
272 388 315 433 an
330 366 551 433 inventionum
575 365 720 430 acumine
744 387 786 429 an
807 365 963 429 varietate
984 386 1059 447 ope-

96 475 169 519 rum
191 451 359 517 clariorem
379 453 500 535 putem.
537 471 614 523 nam
635 449 968 532 inTheophrasto
990 451 1057 511 tam

98 540 148 602 est
169 535 321 620 loquendi
342 534 430 598 nitor
451 533 505 598 ille
520 533 657 617 divinus,
680 536 717 597 ut
739 554 778 597 ex
799 553 836 596 eo
850 554 967 596 nomen
982 553 1058 616 qno-

94 642 157 705 que
189 619 325 684 traxisse
353 618 487 682 dicatur.
537 617 643 682 minus
671 617 831 681 indulsere
859 615 1057 700 eloquentiae
1067 615 1113 680 84

94 703 198 770 Stoici
218 705 358 786 veteres,
392 702 448 766 sed
468 723 541 765 cum
559 701 694 765 honesta
714 702 899 783 suaserunt,
927 704 997 763 tum
1023 701 1059 764 in

96 786 278 872 colligendo
298 784 526 869 probandoque
554 806 636 869 quae
657 785 866 849 instituerant
886 783 1058 867 plurimum

100 871 278 953 valuerunt,
299 869 395 933 rebus
417 873 525 933 tamen
547 868 634 933 acuti
655 869 758 954 magis
781 890 877 953 quam
883 916 892 949 ,
921 867 954 930 id
975 868 1059 951 quod

95 976 175 1019 sane
195 973 262 1017 non
284 952 544 1036 adfectaverunt,
568 952 712 1016 oratione
733 952 908 1035 magnifici.

161 1038 250 1101 Idem
276 1037 369 1101 nobis
395 1057 454 1120 per
475 1035 636 1100 Romanos
658 1055 700 1118 qu
742 1056 781 1098 ue
809 1038 953 1098 auctores
981 1035 1057 1099 ordo
1067 1034 1109 1100 85

96 1121 260 1186 ducendus
288 1124 346 1185 est.
395 1121 503 1205 itaque
531 1121 568 1182 ut
595 1119 679 1201 apud
706 1118 730 1181 il
743 1139 778 1181 os
804 1117 978 1201 Homerus,
1012 1119 1059 1182 sic

97 1206 183 1303 apud
204 1225 263 1291 nos
284 1204 492 1288 Vergilius
515 1202 804 1285 auspicatissimum
827 1202 949 1266 dederit
971 1223 1059 1266 exor-

96 1291 201 1372 dium,
238 1287 379 1352 omnium
413 1286 480 1350 eius
537 1287 640 1350 eneris
672 1289 839 1383 poetarum
870 1307 1058 1371 graecorum

96 1376 338 1456 nostrorumque
369 1369 449 1433 haut
471 1307 566 1433 dubie
588 1371 617 1434 ei
649 1392 822 1453 prosumus.
872 1380 944 1435 utar
972 1371 1058 1434 enim
1067 1370 1110 1434 86

98 1456 202 1521 verbis
223 1455 334 1536 isdem,
358 1475 439 1538 quae
462 1475 499 1517 ex
521 1453 602 1517 Afro
624 1452 766 1517 Domitio
786 1454 910 1518 iuvenis
933 1456 1059 1538 excepi:

98 1541 152 1624 qui
173 1537 253 1602 mihi
281 1537 512 1622 interroganti,
540 1559 633 1621 quem
654 1536 795 1601 Homero
823 1539 965 1602 crederet
991 1560 1059 1602 ma-

98 1625 183 1688 xime
195 1622 356 1704 accedere,
369 1621 536 1698 secundus,
547 1621 663 1705 inquit,
677 1624 726 1685 est
740 1621 912 1704 Vergilius,
930 1624 1060 1705 propior

97 1709 206 1771 tamen
219 1707 324 1803 primo
338 1726 434 1789 quam
452 1707 557 1769 tertio.
595 1708 628 1768 et
648 1704 777 1769 hercule
798 1709 835 1769 ut
855 1705 903 1769 illi
924 1709 1059 1771 naturae

99 1790 228 1855 caelesti
243 1792 338 1871 atque
353 1787 517 1852 inmortali
539 1788 735 1871 cesserimus,
758 1790 805 1852 ita
828 1810 920 1853 curae
942 1793 975 1853 et
989 1791 1059 1854 dili·

98 1873 231 2021 pentiae
253 1873 303 1936 vel
326 1871 397 1935 ideo
418 1872 453 1935 in
474 1869 535 1934 hoc
556 1871 629 1954 plus
651 1874 709 1954 est,
732 1872 814 1955 quod
837 1873 865 1935 ei
879 1872 942 1936 fuit
955 1874 1059 1958 magis

112 1955 319 2035 aborandum,
344 1957 377 2018 et
397 1957 550 2038 quantum
574 1956 788 2019 eminentibus
803 1955 970 2038 vincimur,
994 1956 1058 2021 for-

98 2044 184 2105 tasse
206 2038 399 2123 aequalitate
444 2061 601 2103 ensamus.
647 2041 745 2103 ceteri
766 2061 875 2104 omnes
894 2041 990 2124 longe
1012 2063 1059 2106 se-

120 2127 246 2188 uentur.
296 2143 373 2187 nam
436 2144 526 2187 acer
553 2126 585 2187 et
607 2123 814 2188 Lucretius
842 2125 871 2189 le
897 2126 971 2188 endi
992 2125 1109 2208 qui-87

98 2147 180 2291 dem,
203 2208 258 2272 sed
279 2227 346 2271 non
367 2209 404 2271 ut
424 2208 574 2291 phrasin,
597 2207 631 2270 id
653 2212 702 2271 est
724 2228 838 2291 corpus
860 2145 1059 2292 eioquentiae

98 2292 238 2376 faciant,
263 2290 426 2376 elegantes
447 2292 483 2355 in
504 2313 562 2355 sua
583 2291 716 2374 quisque
736 2292 879 2374 materia,
901 2292 956 2356 sed
978 2293 1060 2356 alter

98 2376 245 2458 humilis,
274 2374 355 2438 alter
382 2375 533 2439 difficilis.
576 2376 771 2438 Atacinus
793 2375 918 2440 Varro
946 2377 979 2440 in
1006 2377 1057 2458 iis,

98 2481 156 2544 per
171 2480 251 2543 quae
265 2479 383 2522 nomen
399 2462 448 2522 est
463 2459 643 2540 adsecutus,
659 2459 816 2542 interpres
830 2461 935 2542 operis
950 2461 1057 2544 alieni,

99 2565 166 2607 non
189 2540 387 2625 spernendus
403 2542 540 2627 quidem,
563 2540 672 2606 verum
695 2543 734 2605 ad
757 2543 936 2627 augendam
958 2544 1058 2609 facul-

10 2625 12 2631 '
99 2630 202 2690 tatem
217 2625 343 2689 dicendi
359 2647 472 2708 parum
486 2626 655 2711 locuples·
669 2626 726 2690 En
736 2627 841 2690 nium
856 2628 940 2691 sicut
953 2650 1059 2694 sacros
1068 2630 1111 2695 88

100 2713 261 2774 vetustate
283 2708 370 2772 lucos
392 2710 574 2793 adoremus,
601 2712 636 2775 in
658 2711 772 2794 quibus
794 2712 930 2797 grandia
952 2716 1061 2777 etan·

99 2795 190 2878 tiqua
211 2794 326 2858 robora
347 2793 412 2857 iam
431 2816 497 2858 non
517 2798 644 2859 tantam
666 2795 788 2859 habent
809 2798 946 2879 speciem
961 2818 1061 2880 quan-

99 2882 167 2942 tam
189 2878 387 2963 religionem.
420 2878 585 2961 propiores
601 2879 655 2942 alii
671 2882 766 2962 atque
788 2880 828 2942 ad
850 2879 921 2961 hoc,
944 2880 982 2942 de
997 2902 1061 2964 quo

100 2962 274 3045 loquimur,
303 2962 408 3046 magis
429 2962 534 3026 utiles.
590 2962 729 3026 lascivus
752 2962 878 3045 quidem
899 2964 934 3025 in
955 2963 1061 3029 herois
1145 3004 1151 3018 ·

99 3067 224 3129 quoque
258 3046 424 3111 Ovidius
457 3050 491 3110 et
522 3047 656 3111 nimium
689 3051 810 3110 amator
843 3047 966 3131 ingenii
999 3050 1058 3131 sui,

101 3129 279 3194 laudandus
311 3134 420 3194 tamen
449 3132 483 3194 in
510 3132 665 3214 partibus.
717 3131 925 3196 Cornelius
953 3136 1060 3196 autem
1070 3134 1112 3198 89

102 3211 289 3294 Severus,
319 3215 443 3278 etiamsi
471 3215 513 3279 sit
540 3215 738 3280 versificator
765 3236 859 3299 quam
881 3219 976 3298 poeta
996 3238 1061 3279 me·

101 3297 162 3359 lior
170 3345 179 3378 ,
213 3296 241 3359 si
269 3299 378 3361 tamen
407 3300 454 3382 [ut
482 3303 530 3363 est
557 3298 688 3396 dictum]
720 3299 760 3362 ad
783 3300 945 3382 exemplar
965 3299 1061 3382 primi

101 3380 175 3444 libri
202 3378 322 3443 bellum
344 3380 484 3446 Siculum
511 3385 764 3467 perscripsisset,
793 3383 972 3447 vindicaret
999 3383 1061 3446 sibi

99 3465 169 3528 iure
184 3463 357 3528 secundum
371 3466 485 3530 locum.
516 3466 726 3533 Serranum
748 3467 961 3531 consummari
976 3487 1062 3530 mors

151 3566 257 3616 omnm.
280 3567 320 3608 ne.
334 3567 362 3609 x.
893 3571 909 3620 2
