2400 3984
439 240 473 288 x.
505 245 531 285 c.
549 236 574 305 r,
592 235 704 287 o-ao.
1010 225 1052 290 45

93 391 262 475 imagines,
285 412 364 474 quas
379 390 486 453 vocari
502 392 676 471 φανταείαε
693 390 914 473 indicarimus,
932 392 1052 456 omnia·

94 497 165 559 que,
189 475 227 539 de
243 475 355 558 quibus
371 474 487 538 dicturi
503 475 629 556 erimuS,
652 496 816 571 personae,
840 476 1051 559 quaestiones,

94 581 176 643 speS,
192 562 294 623 metus
308 558 456 622 habenda
466 559 501 621 in
516 558 626 640 oculis,
649 580 684 622 1u
696 558 840 623 adfectus
854 561 1052 643 recipienda:

93 647 206 725 pectus
228 646 277 706 est
299 643 396 723 enim,
420 642 504 725 quod
525 642 660 706 disertos
680 643 771 725 facit,
800 647 832 706 et
852 645 900 707 vis
923 644 1051 708 mentis.

93 728 226 810 ideoque
247 727 405 809 imperitis
453 747 569 810 uoque,
600 726 627 789 si
654 727 747 790 modo
774 730 850 790 sunt
872 727 977 811 aliquo
999 728 1052 791 ad·

93 811 179 874 fectu
204 811 368 892 concitati,
392 747 489 874 voilia
511 831 577 873 non
592 809 717 874 desunt.
754 814 824 875 tum
839 811 1052 875 intendendus
1064 815 1103 879 16

95 895 219 958 animus
226 944 236 977 ,
265 915 330 957 non
358 895 393 957 in
421 894 561 978 aliquam
581 915 649 957 rem
671 916 785 976 unam,
815 895 925 959 sedin
947 895 1053 979 plures

95 979 188 1042 simul
218 979 401 1060 continuas,
429 981 485 1060 ut,
514 978 541 1041 si
568 999 625 1060 per
653 979 791 1061 aliquam
818 982 940 1044 rectam
967 980 1053 1044 viam

94 1063 257 1127 mittamus
280 1061 403 1144 oculos,
433 1061 526 1125 simul
548 1064 655 1124 omnia
677 1083 758 1145 quae
780 1064 912 1127 suntin
934 1084 971 1126 ea
994 1065 1053 1127 cir-

96 1168 194 1230 caque
215 1147 386 1228 intuemur,
409 1166 476 1209 non
498 1145 645 1209 ultimum
670 1149 798 1210 tantum
820 1147 974 1229 videmus,
998 1148 1053 1212 sed

94 1252 192 1313 usque
216 1231 255 1293 ad
277 1230 435 1293 ultimum.
472 1229 561 1293 addit
583 1229 623 1293 ad
645 1229 813 1294 dicendum
835 1232 932 1295 etiam
953 1232 1054 1314 pudor

95 1313 250 1397 stimulos,
274 1314 451 1396 mirumque
473 1313 573 1377 videri
594 1317 710 1397 potest,
741 1315 833 1397 quod,
865 1337 937 1379 cum
960 1315 1053 1379 stilus

96 1403 218 1462 secreto
240 1398 379 1482 gaudeat
401 1400 497 1481 atque
511 1398 615 1461 omnis
631 1397 767 1462 arbitros
782 1397 976 1481 reformidet,
1001 1421 1052 1463 ex·
1064 1401 1102 1464 l'l

94 1483 279 1566 temporalis
295 1482 379 1546 actio
400 1481 580 1545 auditorum
601 1481 792 1565 frequentia,
816 1485 853 1546 ut
873 1482 964 1546 miles
981 1504 1053 1547 con·

95 1570 188 1651 gestu
211 1567 387 1651 signorum,
411 1565 580 1630 excitatur.
625 1587 763 1650 namque
785 1570 818 1630 et
843 1566 1055 1630 difficiliorem

96 1651 325 1736 cogitationem
347 1649 497 1734 exprimit
519 1652 552 1713 et
573 1649 704 1732 expellit
725 1650 852 1714 dicendi
867 1651 1052 1732 necessitas,

96 1740 129 1798 et
151 1735 305 1799 secundos
332 1735 471 1816 impetus
499 1737 597 1817 auget
623 1733 772 1816 placendi
799 1733 924 1817 cupido.
975 1734 1054 1798 adeo

95 1819 273 1903 praemium
300 1818 408 1881 omnia
440 1819 605 1899 spectant,
638 1819 674 1880 ut
706 1817 887 1901 eloquentia
919 1838 1053 1901 quoque,

95 1923 287 1987 quamquam
298 1901 469 1984 plurimum
484 1899 603 1964 habeat
616 1899 652 1965 in
667 1920 700 1964 se
715 1900 900 1984 voluptatis,
917 1902 1054 1965 maxime

95 1992 206 2050 tamen
228 1985 390 2069 praesenti
411 1984 520 2048 fructu
541 1984 643 2048 laudis
665 1984 888 2133 opinionisque
909 1985 1054 2050 ducatur.

96 2093 156 2134 nec
178 2070 345 2153 quisquam
359 2070 487 2131 tantum
502 2068 581 2132 fidat
594 2067 736 2153 ingeniO,
757 2072 795 2133 ut
814 2069 826 2133 i
867 2068 929 2133 sibi
948 2073 1055 2152 speret
1066 2070 1105 2136 18

96 2155 264 2238 incipienti
279 2153 389 2217 statim
404 2173 496 2236 posse
519 2153 716 2248 contingere,
740 2152 806 2236 sed,
823 2152 907 2218 sicut
920 2153 955 2217 in
970 2153 1056 2237 cogi-

97 2240 219 2303 tatione
242 2237 478 2321 praecepimus,
506 2237 553 2300 ita
578 2235 770 2300 facrlitatem
791 2257 915 2321 quoque
937 2240 1055 2301 extem-

96 2323 240 2407 poralem
269 2342 288 2385 a
315 2321 423 2404 parvis
455 2319 557 2384 initiis
589 2319 745 2402 paulatim
776 2321 984 2404 perducemus
1016 2321 1056 2384 ad

97 2427 268 2487 summam,
302 2425 383 2488 quae
410 2424 514 2486 neque
540 2403 650 2489 perfici
677 2425 700 2466 n
740 2424 780 2468 ue
808 2405 966 2470 contineri
993 2405 1056 2469 nisi

98 2511 158 2553 usu
178 2491 294 2572 potest.
337 2491 477 2551 ceterum
491 2487 657 2570 pervenire
672 2508 709 2552 eo
745 2488 828 2572 obet,
851 2491 888 2552 ut
903 2488 1055 2573 cogitatio
1067 2489 1107 2554 19

97 2594 163 2637 non
187 2572 296 2656 utique
318 2570 431 2635 melior
452 2570 495 2634 sit
516 2591 564 2655 ea,
594 2571 649 2636 sed
671 2571 780 2656 tutior,
810 2594 883 2638 oum
902 2571 988 2637 hanc
1008 2573 1056 2635 fa·

99 2657 252 2720 uilitatem
274 2676 341 2719 non
368 2657 403 2718 in
429 2676 524 2739 prosa
550 2657 642 2720 modo
668 2656 761 2720 multi
788 2657 855 2721 sint
882 2656 1054 2738 consecuti,

98 2744 153 2804 sed
176 2740 273 2804 etiam
294 2739 329 2802 in
351 2739 503 2822 carmine,
526 2743 563 2804 ut
585 2741 760 2824 Antipater
782 2739 929 2806 Sidonius
952 2744 984 2804 et
1005 2739 1056 2804 Li-

100 2825 202 2889 cinius
224 2823 378 2887 Archias:
402 2823 592 2886 credendum
614 2825 700 2887 enim
723 2823 870 2890 Ciceroni
897 2827 961 2906 eat,
990 2845 1056 2888 non

120 2910 173 2972 uia
196 2908 315 2972 nostris
337 2928 461 2991 quoque
482 2908 678 2991 temporibus
700 2928 766 2972 nou
789 2911 822 2972 et
838 2907 976 2972 fecerint
989 2909 1056 2991 qui·

98 2931 172 3057 iiam
193 2992 254 3057 hoc
277 2996 309 3057 et
335 2991 468 3056 faciant.
520 2992 603 3075 quod
629 2995 739 3056 tamen
766 3013 833 3057 non
860 2993 965 3075 ipsum
990 2995 1055 3056 tam

98 3077 262 3160 probabile
282 3081 360 3161 puto
380 3077 497 3161 (neque
519 3078 605 3140 enim
624 3075 723 3140 habet
744 3079 800 3140 aut
820 3097 913 3139 usum
933 3097 983 3139 res
1004 3080 1058 3139 aut

98 3162 335 3246 necessitatem)
361 3182 456 3244 quam
482 3160 686 3226 exhortandis
707 3160 741 3223 in
761 3159 846 3224 hanc
871 3182 975 3244 spem,
1003 3160 1057 3242 qui

97 3243 167 3308 foro
182 3249 426 3328 praeparantur,
446 3245 523 3309 utile
539 3244 729 3327 exemplum.
758 3264 862 3328 neque
877 3265 950 3308 vero
964 3246 1057 3306 tanta
1066 3243 1109 3307 20

101 3329 143 3392 sit
164 3349 314 3411 umquam
337 3328 452 3392 fiducia
474 3329 656 3410 facilitatis,
680 3332 717 3392 ut
739 3350 805 3393 non
826 3329 921 3393 breve
944 3327 1058 3395 saltem

97 3417 240 3497 tempus,
276 3412 359 3496 quod
393 3433 549 3495 nusquam
581 3413 648 3477 fere
681 3412 797 3495 deerit,
839 3413 879 3476 ad
912 3432 949 3474 ea
977 3432 1057 3494 quae

100 3497 216 3562 dicturi
238 3517 345 3561 sumus
361 3495 557 3579 dispicienda
578 3518 749 3581 sumamus,
773 3497 856 3581 quod
875 3495 1003 3581 quidem
1022 3494 1058 3558 iu
