2400 3984
419 222 453 268 x.
485 224 511 267 c.
530 217 554 284 1,
575 215 733 265 roo-111.
1017 202 1058 268 21

94 395 277 457 comparem
304 373 365 437 hoo
393 373 552 454 tempore:
580 390 683 452 neque
712 369 797 433 enim
824 371 957 454 attinet,
988 393 1059 436 cum

95 456 336 523 Demosthenen
359 457 400 523 ¹in
434 455 546 538 primis
579 453 750 537 legendum
777 454 827 518 vel
855 455 1058 520 ediscendum

95 543 203 626 potius
226 544 347 625 putem.
397 560 532 623 quorum
553 559 612 622 ego
635 537 769 601 virtutes
788 537 954 623 plerasque
976 541 1058 604 arbi·
1072 543 1133 608 106

94 633 164 690 tror
185 624 315 706 similes,
340 623 518 704 consilium,
542 622 696 702 ordinem,
727 621 903 705 dividendi,
927 638 1059 708 praepa·

95 710 200 793 randi,
223 708 382 793 probandi
403 707 571 789 rationem,
596 706 703 769 omnia
724 705 859 790 denique
881 728 961 790 quae
984 712 1060 773 sunt

94 792 304 858 inventionis.
343 793 377 855 in
394 790 569 874 eloquendo
585 792 633 853 est
648 789 755 872 aliqua
776 790 961 855 diversitas:
984 792 1059 856 den-

96 880 161 942 sior
182 877 247 959 ille,
272 877 323 940 hic
347 875 513 958 copiosior,
537 873 591 937 ille
614 873 776 938 concludit
790 873 984 958 adstrictius,
1007 874 1060 940 hic

95 961 207 1043 latius,
236 963 363 1045 pugnat
383 959 438 1023 ille
461 958 608 1022 acumine
630 978 765 1040 semper,
794 957 847 1021 hic
876 959 924 1022 ire
947 964 1060 1024 uenter

96 1049 130 1109 et
145 1045 293 1129 pondere,
317 1044 383 1107 illie
403 1042 485 1106 nihil
506 1039 631 1105 detrahi
646 1045 762 1125 potest,
785 1043 838 1114 hic
860 981 946 1106 nihil
964 1044 1057 1125 adici,

97 1150 191 1194 curae
214 1129 285 1212 plus
309 1129 343 1190 in
365 1126 430 1209 illo,
453 1127 488 1189 in
510 1124 570 1190 hoc
591 1128 737 1189 naturae.
779 1127 898 1190 salibus
919 1132 1005 1191 certe
1027 1125 1132 1192 01107

97 1211 388 1292 commiseratione,
422 1231 502 1294 quae
530 1209 592 1273 duo
621 1210 792 1292 plurimum
824 1212 859 1275 in
882 1211 1059 1277 adfectibus

100 1297 220 1379 valent,
251 1294 395 1360 vicimus.
440 1297 473 1358 et
494 1294 631 1358 fortasse
659 1294 801 1377 epilogos
822 1294 871 1359 illi
893 1316 961 1359 mos
984 1296 1060 1360 civi·

96 1382 175 1446 tatis
203 1379 387 1461 abstulerit,
417 1378 472 1442 sed
500 1381 532 1442 et
553 1377 645 1441 nobis
668 1377 741 1458 illa,
769 1399 850 1461 quae
872 1380 975 1443 Attici
1002 1381 1060 1444 mi·

97 1469 229 1545 rantur,
260 1463 384 1527 diversa
410 1462 504 1527 latini
527 1462 681 1526 sermonis
708 1463 791 1525 ratio
812 1463 918 1527 minus
944 1464 1060 1546 permi-

97 1549 185 1613 serit.
216 1550 250 1612 in
266 1547 411 1630 epistulis
426 1546 565 1631 quidem,
590 1566 781 1628 quamquam
797 1554 873 1611 sunt
886 1548 1059 1631 utriusque,

98 1633 284 1716 dialogisve,
308 1632 343 1694 in
365 1631 480 1715 quibus
501 1628 583 1694 nihil
604 1628 669 1711 ille,
701 1630 791 1693 nulla
813 1632 977 1696 contentio
999 1634 1057 1696 est.

101 1717 275 1780 cedendum
303 1715 440 1811 veroin
468 1712 544 1797 hoc,
578 1713 662 1797 qnod
694 1718 726 1777 et
752 1715 839 1796 prior
865 1715 930 1812 fuit
957 1718 990 1780 et
1022 1711 1131 1779 011108

97 1797 1060 1976 110110011101011111110
1147 1892 1151 1897 ·

97 1989 173 2033 nem
203 1966 395 2031 Graecorum
429 1965 631 2047 contuhsset,
664 1964 825 2029 effinxisse
853 1966 917 2030 vim
945 1965 1060 2031 Demo·

98 2050 232 2133 sthenis,
251 2049 374 2134 copiam
388 2049 544 2132 Platonis,
560 2049 791 2114 iucunditatem
808 2049 969 2114 Isocratis.
1000 2072 1061 2115 nec
1074 2047 1135 2112 109

98 2157 174 2200 vero
196 2134 279 2217 quod
301 2134 337 2197 in
359 2154 482 2280 quoque
505 2133 660 2217 optimum
682 2133 755 2215 fuit,
785 2133 890 2198 studio
911 2155 1061 2199 consecu-

98 2225 151 2284 tus
167 2223 367 2300 esttantum,
391 2239 424 2281 se
467 2216 621 2300 plurimas
643 2217 693 2282 vel
715 2217 820 2300 potius
842 2239 953 2282 omnes
973 2239 1011 2282 ex
1027 2241 1061 2283 se

98 2301 331 2450 ipportvqrtutes
365 2301 491 2398 extulit·
510 2301 689 2446 innlrortalis
720 2301 858 2448 ingteniit
877 2301 1062 2448 blqatqissima

99 2408 161 2451 ue
194 2408 256 2449 a.
311 2405 496 2449 nonenim
579 2406 689 2448 uvras
743 2407 764 2447 u
812 2406 842 2448 a1
917 2407 1049 2450 marus

101 2490 221 2552 aquas
253 2468 430 2552 colligit,
465 2407 647 2532 sedpvivo
679 2432 1059 2553 g⁷urgitesexundat3

100 2556 184 2618 dono
219 2551 356 2636 quodam
388 2551 617 2634 providentiae.
637 2552 783 2636 genitus,
817 2553 852 2616 in
881 2574 943 2636 quo
976 2557 1061 2618 totas

100 2639 184 2701 vires
206 2657 280 2699 suas
306 2634 486 2718 eloquentia
508 2635 713 2718 experiretur.
759 2656 835 2700 nam
856 2637 926 2721 quis
949 2637 1061 2702 docere
1075 2648 1137 2714 110

101 2720 305 2805 diligentius,
333 2740 459 2783 movere
488 2719 706 2784 vehementius
728 2719 860 2804 potest?
898 2721 947 2784 cui
968 2725 1062 2785 tanta

101 2826 252 2889 umquam
274 2802 456 2867 iucunditas
479 2802 605 2866 adfuit?
631 2808 667 2867 ut
680 2805 751 2887 ipsa
765 2804 832 2888 illa,
856 2825 936 2888 quae
959 2809 1062 2867 extor-

100 2894 192 2973 quet,
226 2889 399 2971 impetrare
428 2907 499 2949 eum
527 2886 652 2969 credas,
687 2890 719 2950 et
747 2909 817 2951 cum
845 2891 1061 2951 transversum

101 2973 133 3036 vi
162 2994 219 3037 sua
239 2971 378 3036 iudicem
399 2969 493 3052 ferat,
516 2971 625 3034 tamen
648 2970 701 3034 ille
724 2991 790 3035 11011
812 2971 881 3054 rapi
904 2970 1059 3054 videatur,

101 3056 156 3120 sed
178 3056 278 3140 sequi.
321 3056 386 3120 iam
408 3055 442 3118 in
458 3054 615 3138 omnibus,
639 3075 720 3138 quae
736 3054 822 3138 dicit,
846 3058 940 3119 tanta
955 3054 1135 3120 aucto-111

101 3140 181 3203 ritas
202 3140 303 3222 inest,
331 3142 368 3204 ut
396 3138 563 3203 dissentire
585 3140 718 3222 pudeat,
747 3160 808 3204 nec
830 3140 975 3204 advocati
997 3143 1063 3204 stu·

102 3223 200 3304 dium,
230 3223 286 3285 sed
306 3225 398 3287 testis
421 3226 477 3288 aut
500 3223 614 3287 iudicis
636 3223 761 3286 adserat
781 3223 891 3308 fidem,
922 3245 993 3288 cum
1016 3223 1064 3286 in-

58 3376 62 3382 ,
101 3306 196 3370 terim
217 3304 298 3369 haec
319 3306 437 3390 omnia,
460 3328 540 3390 quae
555 3307 607 3371 vix
623 3306 752 3453 sinqula
772 3308 939 3391 quisquam
958 3307 1064 3370 inten-

101 3389 227 3454 tissima
257 3408 333 3452 cura
361 3391 510 3474 consequi
531 3395 652 3474 posset,
703 3395 786 3455 uunt
811 3391 1002 3472 inlaborata,
1033 3392 1065 3453 et

102 3475 169 3560 illa,
193 3494 256 3559 qua
277 3470 358 3538 nihil
374 3493 525 3557 umquam
538 3474 702 3558 pulchrius
717 3475 860 3540 auditum
880 3478 939 3557 est,
963 3472 1065 3538 oratio
