2400 3984
140 197 183 260 44
421 211 639 272 Qumrmmm
660 213 750 262 msr.
774 213 831 260 on.

142 364 284 427 officium
304 364 450 429 diducere
474 365 615 428 animum
636 367 743 448 queat,
766 367 802 427 ut
823 364 1014 448 inventioni,
1038 365 1100 429 dis·

142 448 305 531 positioni,
323 448 503 531 elocutioni,
526 448 631 512 ordini
645 469 751 511 rerum
766 448 1006 533 verborumque,
1029 452 1100 513 tum

141 532 191 614 iia,
221 553 301 615 quae
323 533 417 614 dicit,
446 554 526 617 quae
556 531 782 596 subiuncturus
811 535 875 614 est,
904 553 986 615 quae
1015 533 1101 598 ultra

143 616 318 698 spectanda
340 620 426 697 sunt,
450 615 594 680 adhibita
614 616 717 699 vocis,
739 616 1024 700 pronuntiationis,
1046 638 1100 702 ge-

94 703 210 777 10stus
233 701 453 764 observatione
481 699 575 764 simul
597 699 744 764 sufficiat.
781 699 879 783 longe
901 700 988 764 enim
1010 722 1102 784 prae

143 784 234 847 cedat
255 787 381 868 oportet
408 784 546 847 intentio
573 804 610 846 ac
637 805 713 866 prae
742 804 775 848 se
802 804 853 847 res
875 787 971 868 agat,
1001 806 1103 869 quan·

142 870 271 950 tumque
293 867 427 932 dicendo
450 867 656 949 consumitur,
685 870 812 931 tantum
835 888 874 931 ex
894 867 1009 933 ultimo
1030 890 1103 965 pro·

141 955 281 1035 rogetur,
304 955 350 1034 ut,
373 951 473 1015 donee
487 951 708 1034 perveniamus
723 951 763 1015 ad
777 951 885 1033 finem,
906 973 973 1016 non
994 973 1104 1017 minus

141 1037 312 1118 prospectu
337 1035 545 1182 procedamus
577 1056 673 1118 quam
704 1034 821 1119 gradu,
856 1035 884 1099 si
909 1055 977 1098 non
1002 1035 1104 1101 inter·

142 1119 293 1183 sistentes
318 1140 336 1182 o
361 1121 571 1203 ensantesque
607 1119 716 1182 brevia
751 1118 808 1182 illa
844 1121 940 1202 atque
972 1119 1104 1185 concisa

142 1203 192 1266 sin
239 1202 391 1266 ltantium
412 1202 505 1266 modo
527 1202 658 1266 eiecturi
679 1223 799 1266 sumus.

94 1305 131 1368 11
235 1289 265 1350 st
282 1286 383 1371 igitur
398 1308 474 1352 usus
492 1287 620 1369 quidam
634 1285 854 1370 inrationalis,
875 1306 971 1369 quam
984 1284 1103 1352 Graeci

142 1371 265 1447 ἄλογον
287 1371 396 1451 τριβήν
418 1373 546 1453 vocant,
576 1392 637 1453 qua
659 1391 772 1434 manus
794 1371 829 1433 in
858 1370 1027 1435 scribendo
1049 1371 1103 1436 de·

144 1454 252 1537 currit,
282 1474 345 1538 qua
366 1453 450 1518 oculi
471 1456 555 1518 totos
577 1454 672 1518 simul
693 1454 729 1517 in
750 1453 888 1517 lectione
910 1474 1020 1518 versus
1047 1455 1104 1519 fle·

141 1559 261 1621 xusque
283 1558 391 1602 eorum
413 1541 446 1601 et
466 1537 622 1602 transitus
643 1538 812 1602 intuentur
831 1540 864 1601 et
879 1540 954 1601 ante
969 1557 1103 1621 sequen·

141 1622 188 1685 tia
226 1622 338 1685 vident
369 1642 465 1705 quam
496 1622 604 1705 priora
637 1620 796 1686 dixerunt.
850 1641 913 1705 quo
950 1625 1104 1689 constant

141 1705 297 1769 miracula
316 1704 373 1768 illa
394 1705 429 1770 in
451 1705 574 1768 scaenis
595 1704 781 1788 pilariorum
803 1727 841 1770 ac
862 1703 1102 1789 ventilatcrum,

142 1793 178 1853 ut
200 1810 340 1873 eaquae
362 1789 528 1853 emiserint
555 1788 639 1853 ultro
666 1789 774 1853 venire
796 1789 832 1852 in
853 1809 967 1852 manus
992 1791 1104 1855 eredas

95 1875 175 1952 12et
197 1893 259 1956 qua
280 1873 432 1937 iubentur
453 1872 629 1937 decurrere.
674 1873 729 1937 sed
750 1873 804 1937 hio
825 1894 900 1936 usus
921 1871 968 1936 ita
989 1874 1103 1970 prode·

142 1956 201 2038 rit,
231 1956 318 2019 sica
340 1956 378 2019 de
401 1977 463 2040 qua
488 1956 587 2019 locuti
609 1977 717 2020 sumus
739 1978 791 2020 ars
813 1958 1037 2040 antecessent,
1065 1961 1105 2022 ut

142 2041 248 2122 ipsum
269 2038 357 2121 illud,
379 2039 463 2123 quod
483 2040 519 2102 in
540 2060 574 2103 se
596 2040 754 2104 rationem
774 2061 841 2105 non
862 2038 971 2124 habet,
994 2041 1030 2105 in
1051 2062 1103 2105 ra·

143 2125 231 2186 tione
252 2125 405 2186 versetur.
436 2144 513 2186 nam
534 2123 615 2188 mihi
635 2145 677 2188 ne
699 2124 804 2189 dicere
826 2123 954 2220 quidem
975 2124 1103 2190 videtur

143 2206 206 2269 nisi
228 2207 282 2289 qui
305 2206 466 2289 disposite,
490 2210 615 2290 ornate,
639 2208 764 2290 copiose
786 2208 879 2291 diort,
908 2207 964 2272 sed
984 2209 1103 2275 tumul·

94 2289 238 2374 13tuari.
268 2311 328 2353 nec
350 2290 474 2386 fortuiti
496 2291 651 2388 sermonis
674 2295 859 2356 contextum
868 2292 1014 2389 'mirabor
1033 2314 1103 2357 um·

142 2395 249 2520 ltu}
265 2394 424 2539 {tull
443 2375 1103 2543 stt}iltffuttltltttlttt

143 2546 179 2603 ut
194 2561 373 2605 successum
388 2541 635 2625 extemporalem
650 2544 800 2626 consequi
818 2565 894 2607 cura
908 2564 974 2607 non
989 2546 1101 2627 possit.

95 2645 135 2707 14
145 2624 238 2687 deum
260 2625 339 2689 tunc
361 2624 519 2707 adfuisse,
544 2647 615 2690 omn
637 2626 669 2689 id
691 2628 861 2710 evenisset,
888 2631 1010 2692 veteres
1032 2650 1102 2695 ora·

143 2711 244 2790 tores,
278 2710 314 2770 ut
337 2707 462 2791 Cicero,
495 2709 700 2774 dictitabant.
744 2710 800 2774 sed
821 2711 903 2775 ratio
928 2711 1103 2778 manifeste

144 2795 202 2855 est.
245 2813 321 2854 nam
335 2791 417 2855 bene
440 2793 585 2876 concepti
608 2792 751 2858 adfectus
774 2796 807 2858 et
827 2798 972 2859 recentes
994 2816 1102 2860 rerum

142 2875 300 2960 imagines
330 2876 481 2940 continuo
502 2877 624 2960 impetu
649 2876 811 2960 feruntur,
841 2900 922 2962 quae
943 2900 1102 2944 nonnum·

143 2979 239 3040 quam
260 2979 349 3022 mora
371 2959 437 3022 stili
458 2959 673 3044 refrigescunt
700 2964 733 3025 et
760 2961 878 3027 dilatae
904 2984 971 3027 non
997 2983 1101 3027 rever·

143 3043 266 3104 tuntur.
309 3042 418 3126 utique
440 3064 524 3126 vero,
557 3065 627 3108 cum
650 3043 763 3108 infelix
784 3045 840 3109 illa
860 3046 1028 3111 verborum
1051 3067 1102 3111 ca·

143 3124 266 3188 villatio
289 3127 423 3190 accessit
445 3129 478 3190 et
498 3147 606 3191 cursus
622 3128 662 3191 ad
676 3127 805 3212 singula
818 3129 956 3226 vestigia
970 3129 1101 3214 restitit,

145 3230 212 3273 non
226 3211 335 3291 potest
350 3209 428 3273 ferri
451 3213 597 3274 contorta
619 3211 678 3295 vie,
702 3213 767 3296 sed,
790 3215 827 3276 ut
848 3216 967 3297 optimc
989 3235 1103 3279 vocum

146 3292 347 3440 singtrplarum
370 3293 463 3357 cedat
490 3293 619 3378 electio,
648 3317 713 3359 non
737 3296 906 3381 continua,
934 3297 989 3362 sed
1019 3319 1102 3363 com·

144 3397 213 3458 posi
271 3382 330 3440 est.

95 3459 135 3524 15
207 3457 311 3535 Quare
327 3459 500 3544 capiendae
522 3465 597 3525 sunt
610 3461 696 3546 illae,
720 3462 887 3548 dequibus
903 3464 979 3550 dixi,
996 3486 1104 3531 rerum
