2400 3984
174 171 214 233 12
445 190 663 249 Qurnrnaaru
686 190 774 238 ussr.
799 190 853 238 ou.

173 339 304 403 minime
325 339 457 424 vulgare
480 340 647 424 eloquendi
668 360 771 424 genus
793 340 891 404 habet
903 340 1040 405 laudem.
1077 341 1133 407 sed

172 423 316 504 quamvis
339 424 368 487 ei
390 425 544 487 secundas
566 424 633 488 fere
655 425 937 508 grammaticorum
959 446 1133 490 consensus

173 505 305 589 deferat,
335 510 369 571 et
397 507 574 572 adfectibus
597 511 629 570 et
650 508 847 572 iucunditate
870 511 902 572 et
924 508 1133 592 dispositione

172 593 204 654 et
224 591 355 655 omnino
377 595 445 656 arte
468 591 629 674 deficitur,
658 594 695 654 ut
721 591 818 674 plane
839 592 1012 656 manifesto
1034 615 1133 676 appa-

171 677 255 754 reat,
280 678 400 758 quanto
428 675 470 738 sit
491 674 577 738 aliud
597 677 776 758 proximum
797 696 882 756 esse,
907 676 993 739 aliud
1010 697 1131 755 parem.

119 756 389 840 54Panyasin,
426 780 465 822 ex
496 761 631 843 utroque
663 758 814 841 mixtum,
851 763 970 841 putant
1002 762 1037 823 in
1071 760 1134 824 elo-

171 842 296 926 quendo
318 841 462 908 neutrius
484 863 620 926 aequare
633 842 779 923 virtutes,
804 842 939 906 alterum
961 845 1072 907 tamen
1092 845 1134 908 ab

171 946 209 988 eo
240 925 393 1008 materia,
428 926 564 989 alterum
596 925 786 1010 disponendi
818 926 942 989 ratione
975 929 1132 1009 superari.

170 1008 410 1091 Apollonius
432 1009 467 1073 in
489 1010 634 1074 ordinem
656 1032 676 1072 a
698 1009 917 1094 grammaticis
940 1009 1049 1073 datum
1065 1032 1134 1075 non

170 1092 270 1174 venit,
294 1094 368 1177 quia
380 1093 585 1165 Aristarchus
608 1097 703 1177 atque
715 1093 949 1177 Aristophanes
971 1095 1134 1158 neminem

170 1177 220 1241 sui
247 1177 400 1260 temporis
432 1178 468 1241 in
494 1197 660 1240 numerum
686 1176 895 1260 redegerunt,
928 1198 995 1240 non
1022 1180 1132 1243 tamen

171 1261 439 1324 contemnendum
461 1260 599 1325 reddidit
620 1281 698 1343 opus
720 1260 843 1343 aequali
858 1260 996 1344 quadam
1016 1262 1134 1326 medio·

119 1330 454 1427 bbcritatelllrlrati
475 1345 610 1408 materia
630 1347 720 1408 motu
743 1347 840 1427 caret,
864 1349 902 1408 ut
915 1345 951 1407 in
986 1367 1027 1408 ua
1042 1346 1133 1410 nulla

171 1428 325 1509 varietas,
348 1428 456 1491 nullus
471 1429 631 1511 adfectus,
654 1427 742 1492 nulla
752 1449 907 1512 persona,
926 1367 1015 1492 uuila
1031 1430 1133 1492 ouius·

170 1533 267 1596 quam
288 1512 332 1576 sit
352 1513 470 1594 oratio,
493 1511 614 1576 sufficit
634 1515 743 1575 tamen
765 1513 870 1595 operi,
895 1513 944 1575 oui
967 1533 1000 1576 se
1021 1534 1133 1595 parem

171 1595 316 1660 eredidit.
367 1595 563 1659 admirabilis
589 1596 626 1660 in
653 1617 710 1660 suo
737 1616 855 1679 genere
878 1594 1132 1681 Theocritus,

170 1681 226 1744 sed
246 1700 337 1744 musa
350 1679 408 1743 illa
427 1679 549 1743 rustica
574 1683 607 1743 ct
626 1679 795 1763 pastoralis
815 1700 882 1742 non
901 1679 1007 1743 forum
1028 1680 1131 1764 modo,

119 1764 280 1830 severum
301 1763 405 1847 ipsam
427 1763 526 1826 etiam
546 1763 658 1827 urbem
672 1763 868 1826 reformidat.
900 1764 1008 1826 audire
1022 1764 1132 1828 videor

169 1847 309 1931 undique
330 1847 535 1931 congerentis
562 1847 694 1911 nomina
719 1847 927 1930 plurimorum
953 1849 1130 1930 poetarum.

169 1931 268 2014 quid?
303 1930 452 1994 Herculis
480 1933 554 1995 acta
580 1950 647 1994 non
674 1931 757 1994 bene
778 1929 1021 1994 Pisandros?
1062 1929 1131 1996 Ni-

169 2015 359 2078 candrum
390 2013 512 2078 frustra
543 2014 644 2078 secuti
670 2013 780 2078 Macer
816 2017 912 2098 atque
943 2012 1133 2098 Vergilius?

168 2097 269 2182 quid?
289 2096 588 2180 Euphorionem
608 2097 839 2162 transibimus?
860 2118 953 2181 quem
974 2098 1038 2161 nisi
1059 2119 1132 2182 pro-

167 2181 277 2245 basset
285 2180 449 2265 Vergilius
463 2180 558 2264 idem,
581 2203 756 2264 numquam
772 2184 857 2245 certe
880 2182 1131 2246 conditorum

170 2263 401 2330 Chalcidico
426 2285 541 2329 versu
570 2266 785 2330 carminum
810 2264 941 2329 fecisset
966 2267 1001 2329 in
1029 2263 1131 2330 Buco-

67 2378 69 2383 ·
168 2349 239 2412 licis
253 2349 461 2413 mentionem.
512 2348 593 2412 uid?
615 2348 768 2412 Horatius
782 2347 904 2413 frustra
918 2348 1131 2433 Tyrtaeum

117 2431 158 2497 57
168 2430 308 2496 Homero
330 2370 521 2518 subiungiil
542 2453 604 2497 nec
625 2453 702 2497 sane
724 2431 892 2515 quisquam
913 2436 963 2496 est
975 2435 1044 2496 tam
1058 2453 1130 2516 pro·

170 2515 221 2580 cul
248 2539 268 2579 a
295 2517 481 2613 cognitione
509 2536 617 2580 eorum
643 2520 800 2598 remotus,
834 2519 964 2580 utnon
991 2516 1130 2580 indicem

169 2602 255 2665 oerte
269 2620 308 2663 ex
322 2599 517 2664 brbliotheca
528 2602 691 2684 sumptum
704 2599 880 2664 transferre
893 2601 929 2663 in
943 2599 1041 2664 libros
1057 2623 1130 2665 suos

168 2683 280 2766 possit.
324 2703 385 2747 neo
413 2685 528 2767 ignoro
554 2683 654 2780 igitur
681 2703 759 2767 quos
786 2687 917 2748 transeo
938 2704 999 2749 neo
1020 2684 1129 2769 utique

168 2768 302 2849 damno,
334 2770 372 2831 ut
398 2768 452 2851 qui
481 2767 616 2831 dixerim
644 2788 713 2831 esse
739 2767 776 2831 in
804 2767 950 2833 omnibus
977 2767 1129 2832 utilitatis

115 2850 211 2915 baali
233 2851 299 2916 uid.
349 2851 403 2915 sed
430 2851 471 2915 ad
498 2850 571 2915 illos
603 2851 669 2915 iam
700 2851 852 2936 perfectis
885 2850 1129 2933 constitutisque

166 2935 229 2998 uiri
251 2956 288 2999 us
316 2937 526 3028 revertemur,
556 2936 640 3020 quod
667 2936 702 2999 in
725 2935 812 2999 cenis
834 2934 1009 3019 grandibus
1031 2955 1128 3017 saepe

165 3018 318 3102 facimus,
350 3023 402 3102 ut,
438 3039 510 3083 cum
537 3018 666 3102 optimis
694 3019 803 3083 satiati
831 3038 955 3100 sumus,
989 3018 1128 3082 varietas

165 3106 276 3166 tamen
297 3102 391 3166 nobis
413 3122 452 3165 ex
475 3101 638 3166 vilioribus
659 3106 755 3187 grata
769 3103 822 3167 sit.
849 3104 928 3165 tuno
943 3103 976 3165 ct
990 3102 1128 3186 elegiam

165 3185 293 3249 vacabit
319 3186 355 3250 in
381 3206 494 3250 manus
522 3206 661 3269 sumere,
697 3186 786 3251 cuius
813 3185 963 3270 princeps
991 3184 1129 3250 habetur

166 3268 453 3352 Callimachus,
491 3272 647 3335 secundas
684 3271 883 3335 confessione
918 3270 1128 3368 plurimorum

1 3365 2 3374 ’
114 3350 345 3418 59Philetas
367 3352 542 3436 occupavit.
572 3355 627 3418 sed
649 3356 724 3419 dum
747 3355 957 3438 adsequamur
971 3354 1060 3419 illam
1074 3354 1128 3416 fir·

165 3459 266 3521 mam,
300 3442 337 3501 ut
364 3437 446 3521 dixi,
480 3436 687 3522 facilitatem,
720 3438 849 3523 optimis
876 3438 1128 3504 adsuescendum
