2400 3984
402 242 438 288 x.
476 237 506 307 1,
532 244 559 287 c.
575 235 704 284 ae-ec.
994 221 1034 286 19

71 395 211 461 multum
233 397 266 458 et
288 413 381 456 verae
403 392 524 477 gloriae
540 390 682 475 quamvis
699 410 763 455 uno
777 390 859 456 libro
874 390 1036 456 Persius

74 480 201 544 meruit.
238 480 315 542 sunt
330 477 407 542 clari
429 475 585 559 hodieque
607 475 712 558 etqui
734 474 810 538 olim
825 474 1037 540 nominabun-

73 570 137 628 tur.
189 562 325 627 alterum
346 560 426 624 illud
455 560 553 624 etiam
576 559 663 642 prius
685 561 812 622 saturae
834 560 953 643 genus,
982 559 1090 626 sedat

74 669 142 712 non
171 647 239 711 sola
273 645 450 709 carminum
472 644 625 708 varietate
646 642 782 706 mixtum
804 642 946 707 condidit
967 643 1037 707 Te·

74 732 232 796 rentius
268 729 416 812 Varr0,
460 726 509 790 vir
543 726 760 791 Romanorum
796 727 1037 791 eruditissimus.

74 815 229 900 plurimos
251 812 304 877 hic
332 812 430 877 libros
452 815 485 875 et
507 811 706 876 doctissimos
735 812 927 895 composuit,
956 812 1038 895 peri-

74 900 218 963 tissimus
251 897 382 981 linguae
416 896 535 959 latinae
572 899 605 959 et
636 895 739 959 omnis
773 895 976 979 antiquitatis
1006 899 1039 960 et

74 1004 182 1047 rerum
243 1001 392 1045 aerarum
419 983 677 1063 nostrarumque,
704 980 776 1062 plus
803 983 911 1043 tamen
937 980 1039 1045 soien-

74 1067 141 1132 tiae
164 1002 336 1130 coddtums
358 1085 456 1148 quam
477 1063 687 1146 eloquentiae.
727 1064 851 1128 iambus
872 1085 940 1128 non
961 1064 1091 1130 sanatib

75 1150 263 1215 aRomanis
287 1148 464 1213 celebratus
487 1151 593 1211 estut
615 1148 779 1231 proprium
793 1168 882 1231 opus,
906 1174 951 1213 a*
994 1150 1039 1212 ui·

74 1235 208 1299 busdam
234 1235 319 1296 inter
342 1232 458 1295 esitus:
492 1232 581 1296 cuius
610 1232 768 1296 acerbitas
795 1231 830 1295 in
858 1171 1038 1316 Catullo,

75 1316 289 1399 Bibaculo,
352 1315 480 1379 oratio
487 1366 496 1399 ,
520 1336 713 1399 quamquam
735 1315 782 1378 illi
804 1317 920 1399 epodos
942 1318 1040 1381 inter-

74 1402 176 1485 uenit,
199 1399 385 1484 reperietur.
420 1402 454 1463 at
473 1398 646 1482 lyricorum
660 1399 744 1464 idem
759 1399 950 1465 Horatius
972 1401 1040 1466 fere

74 1485 160 1550 solus
182 1485 247 1569 legi
268 1484 399 1569 dignus:
420 1505 496 1547 nam
519 1486 552 1547 et
572 1483 713 1569 insurgit
734 1484 905 1566 aliquando
928 1489 960 1549 'et
974 1486 1039 1569 ple·

74 1591 136 1634 nus
159 1572 208 1633 est
229 1567 437 1632 iucunditatis
466 1570 498 1631 et
525 1567 649 1652 gratiae
678 1572 710 1631 et
738 1569 844 1632 varius
873 1569 985 1654 figuris
1007 1575 1040 1635 et

73 1654 180 1717 verbis
206 1651 391 1716 felicissime
419 1651 531 1715 audax.
576 1652 603 1714 si
625 1673 719 1735 quem
742 1652 866 1717 adicere
888 1653 982 1737 velis,
1010 1655 1038 1717 is

74 1737 137 1801 erit
159 1736 321 1801 Caesius
349 1733 510 1818 Bassus,
545 1756 640 1818 quam
666 1757 769 1818 nuper
797 1736 948 1819 vidimus,
983 1737 1038 1801 sed

28 1849 33 1859 ·
75 1843 147 1885 eum
170 1820 268 1904 longe
289 1818 486 1902 praecedunt
507 1817 641 1902 ingenia
663 1819 849 1884 viventium.
866 1836 898 1877 ,ι-

139 1903 336 1987 Tragoediae
358 1902 530 1985 scriptores
545 1906 688 1966 veterum
703 1903 841 1967 Attius
864 1907 959 1988 atquo
970 1902 1034 1969 Pa·
1047 1906 1087 1970 97

74 1989 214 2053 ouvius
265 1985 447 2050 randissimi
469 1986 629 2070 gravitate
652 1988 900 2071 sententiarum,
929 1989 1038 2054 verbo·

73 2093 146 2135 rum
167 2007 322 2154 pondere,
347 2070 539 2134 auctoritate
553 2091 773 2154 personarum.
798 2075 938 2136 ceterum
951 2075 1039 2138 nitor

74 2158 108 2220 et
129 2176 253 2218 summa
275 2156 308 2218 in
333 2153 513 2229 excolendis
543 2155 693 2238 operibus
720 2177 834 2220 manus
861 2157 965 2241 magis
993 2158 1037 2222 vi-

74 2238 142 2302 deri
164 2241 272 2324 potest
298 2239 496 2323 temporibus
518 2259 614 2321 quam
641 2240 719 2322 ipsis
742 2239 893 2304 defuisse:
923 2241 1037 2306 virium

73 2326 185 2387 tamen
206 2323 299 2386 Attio
320 2323 392 2406 plus
413 2322 577 2404 tribuitur,
601 2322 775 2387 Pacuvium
797 2324 897 2388 videri
918 2325 1035 2390 doctio-

73 2428 152 2488 rem,
183 2406 237 2488 qui
265 2426 332 2470 esse
359 2407 444 2470 docti
467 2406 648 2490 adfectant,
672 2406 792 2472 volunt.
836 2409 901 2472 iam
924 2408 1087 2476 Varii98

73 2489 229 2573 Thyestes
242 2488 372 2553 cuilibet
407 2511 570 2554 raeearum
582 2492 885 2575 comparari'potest.
903 2492 1037 2559 Ovidii

72 2574 187 2638 Medea
210 2572 334 2636 videtur
348 2511 427 2638 milri
442 2575 619 2658 ostendere,
643 2579 798 2659 quantum
813 2576 867 2640 ille
882 2577 931 2640 vir
947 2600 1035 2662 prae·

73 2662 159 2722 stare
186 2656 342 2740 potuerit,
376 2659 403 2722 si
430 2657 562 2743 ingenio
588 2679 644 2722 suc
673 2660 715 2723 im
741 2680 828 2724 erare
861 2682 957 2744 quam
988 2663 1037 2728 in-

73 2741 205 2826 dulgere
222 2740 397 2805 maluisset.
447 2763 555 2806 eorum
579 2763 658 2827 quos
676 2681 808 2807 virllarim
830 2744 927 2829 longe
949 2748 1036 2842 prin-

75 2847 149 2909 ceps
171 2825 409 2908 Pomponius
432 2824 651 2909 Secundus,
680 2847 775 2910 quem
796 2849 887 2893 senas
909 2829 1036 2913 qu1dem

75 2931 186 2992 parum
207 2910 367 2995 tragicum
388 2909 558 2993 putabant,
583 2911 760 2974 eruditione
775 2932 813 2974 ac
827 2912 931 2976 nitore
945 2934 1036 2996 prae-

74 2997 157 3058 stare
179 2994 425 3059 confitebantur.
474 2993 509 3056 in
532 2993 692 3058 comoedia
714 2995 851 3060 maxime
880 2996 1035 3062 claudica-

73 3099 155 3140 mus.
204 3077 281 3143 licet
302 3078 406 3143 Varro
428 3078 575 3160 Musas,
600 3078 684 3142 Aelii
707 3076 838 3144 Stilonis
861 3083 1033 3166 sententia,

73 3160 262 3225 Plautino
285 3163 371 3227 dicat
393 3183 574 3227 sermone
602 3162 809 3227 locuturas
835 3164 978 3248 fuisse,
1002 3167 1087 3231 siaa

74 3245 200 3307 latine
227 3243 335 3328 loqui
363 3247 529 3329 vellent,
563 3246 640 3310 licet
665 3245 883 3313 Caecilium
911 3253 1035 3315 veteres

74 3327 220 3392 laudibus
243 3327 366 3412 ferant,
394 3330 471 3395 lieet
498 3330 677 3396 'l'erentii
704 3333 824 3416 scripta
852 3334 892 3398 ad
915 3333 1036 3480 Scipio·

73 3433 147 3476 nem
162 3411 352 3477 Africanum
374 3415 555 3480 referantur
571 3419 666 3500 (quae
688 3418 799 3482 tamen
820 3422 895 3481 sunt
916 3417 951 3481 in
997 3439 1034 3482 oc

73 3518 190 3580 genere
206 3497 449 3583 elegantissima
470 3504 503 3563 et
517 3499 589 3583 plus
604 3499 706 3567 adhuc
727 3500 878 3567 habitura
896 3501 1031 3586 gratiae,

844 3602 878 3653 2⁴
