2400 3984
166 103 208 167 28
438 119 657 179 qurumnrrur
679 119 768 168 iuss.
794 120 848 168 oa.

166 292 241 334 nem
269 269 486 353 aemulantur,
520 270 613 334 otiosi
646 271 679 333 et
711 269 834 354 supini,
868 270 896 335 si
930 270 1006 354 quid
1025 272 1133 337 ‚modo

167 354 294 438 longius
318 353 606 437 circumduxerunt,
634 354 744 418 iurant
765 354 812 417 ita
834 353 1018 419 Ciceronem
1041 355 1131 421 locu·

121 443 274 506 lllturum
305 437 414 502 luisse.
464 459 615 502 noveram
642 436 810 521 quosdam,
845 438 900 521 qui
933 459 967 502 se
993 438 1131 522 pulchre

168 522 359 605 expressisse
387 543 489 606 genus
523 520 602 584 illud
635 521 780 585 caelestis
808 521 902 585 huius
930 525 966 585 in
993 522 1132 587 dicendo

167 607 227 670 viri
255 606 316 669 sibi
338 606 538 688 viderentur,
568 605 596 668 si
617 605 652 668 in
676 604 816 669 clausula
837 606 1020 688 posuissent
1042 628 1132 671 esse

167 690 360 753 videatur.
414 710 490 773 ergo
511 689 649 772 primum
678 695 742 770 est,
771 696 808 752 ut
834 689 918 772 quod
945 689 1131 755 imitaturus

167 779 216 837 cst
242 774 375 857 quisque
401 772 572 857 intellegat
593 777 636 856 et,
660 793 758 856 quare
780 772 899 836 bonum
920 773 972 854 sit,
999 776 1091 838 sciat.

29 860 58 883 '⁷
119 861 158 926 19
231 857 313 920 Turn
341 857 375 920 in
405 856 607 940 suscipiendo
635 878 731 920 onere
759 856 904 921 consulat
931 877 1004 920 suas
1032 858 1130 922 vires.

167 963 243 1005 uam
266 940 421 1024 quaedam
442 944 519 1004 sunt
540 941 720 1023 imitabilia,
744 940 857 1024 quibus
880 944 935 1003 aut
956 940 1131 1005 infirmitas

168 1028 302 1088 naturae
323 1045 389 1087 non
411 1024 552 1088 sufficiat
573 1027 628 1087 aut
656 1024 823 1088 diversitas
852 1027 1021 1107 repugnet.
1074 1046 1129 1107 ne,

169 1109 220 1172 cui
234 1111 331 1171 tenue
345 1109 513 1192 ingenium
528 1108 598 1185 erit,
623 1106 689 1170 sola
711 1107 789 1172 velit
810 1107 908 1171 fortia
930 1111 963 1170 et
980 1108 1128 1192 abrupta,

169 1194 219 1256 cui
240 1191 324 1255 forte
345 1193 483 1275 quidem,
508 1191 562 1256 sed
584 1190 786 1273 indomitum,
811 1211 917 1255 amore
940 1191 1130 1256 subtilitatis

168 1280 201 1340 et
239 1277 303 1340 vim
337 1297 427 1339 suam
459 1275 573 1359 perdat
612 1278 645 1338 et
683 1273 879 1358 elegantiam
911 1297 1006 1359 quam
1039 1278 1132 1359 cupit

166 1382 232 1424 non
255 1364 476 1443 persequatur:
499 1359 580 1424 nihil
595 1361 643 1422 est
664 1359 749 1422 enirn
764 1362 830 1421 tam
846 1358 1007 1441 indecens,
1031 1380 1130 1442 quam

116 1447 238 1510 hicum
261 1443 369 1507 mollia
389 1443 465 1507 dure
487 1444 580 1507 fiunt.
626 1445 721 1525 atque
749 1463 809 1589 ego
835 1441 884 1505 illi
916 1443 1131 1526 praeceptori,
1159 1486 1164 1493 -

167 1549 261 1611 quem
282 1528 486 1592 institueram
508 1527 543 1590 in
564 1528 647 1591 libro
668 1547 766 1590 secun
789 1547 823 1609 0,
854 1526 973 1589 credidi
1000 1547 1066 1590 non
1089 1548 1129 1591 ea

167 1612 235 1675 sola
263 1610 407 1675 docenda
434 1632 519 1694 esse,
546 1611 587 1675 ad
615 1632 694 1693 quae
722 1631 878 1694 quemque
899 1609 1129 1693 discipulorum

166 1699 283 1760 natura
317 1696 527 1779 compositum
561 1694 700 1759 videret:
742 1716 818 1758 nam
852 1694 879 1757 is
913 1697 945 1758 et
977 1693 1130 1758 adiuvare
1158 1758 1160 1762 .

166 1780 275 1861 debet,
314 1800 394 1863 quae
427 1780 462 1843 in
495 1799 619 1862 quoque
651 1799 759 1842 eorum
791 1778 916 1842 invenit
948 1777 1049 1860 bona,
1084 1782 1130 1861 et,

165 1866 321 1946 quantum
343 1861 412 1925 fieri
434 1864 550 1944 potest,
580 1861 705 1925 adicere
726 1883 808 1944 quae
830 1863 945 1926 desunt
967 1866 1000 1926 et
1022 1882 1128 1925 emen·

166 1947 241 2010 dare
268 1945 425 2030 quaedam
453 1948 485 2009 et
511 1947 651 2008 mutare:
687 1949 792 2009 rector
819 1946 905 2009 enim
933 1948 982 2008 est
1009 1945 1129 2010 alieno·

166 2052 236 2094 rum
259 2029 461 2114 ingeniorum
483 2031 578 2112 atque
599 2027 763 2091 fonnetor.
814 2027 977 2091 difficilius
1000 2031 1049 2091 est
1071 2051 1128 2093 na·

115 2117 155 2179 21
165 2117 272 2177 turam
288 2134 378 2176 suam
392 2112 525 2196 fingere.
547 2111 601 2176 sed
615 2133 657 2175 ne
671 2111 726 2174 ille
740 2111 869 2193 quidem
880 2109 999 2188 doctor,
1018 2131 1129 2192 quam-

165 2219 261 2281 quam
293 2197 401 2260 omnia
434 2217 514 2278 quae
548 2198 635 2259 recta
666 2197 742 2258 sunt
768 2193 851 2258 velit
883 2212 951 2254 esse
988 2191 1023 2255 in
1061 2197 1129 2261 suis

165 2280 362 2345 auditoribus
392 2301 487 2363 quam
508 2278 703 2362 plenissima,
731 2277 765 2340 in
788 2297 825 2340 eo
846 2277 966 2359 tamen,
997 2277 1048 2341 cui
1070 2301 1127 2343 na·

63 2388 65 2393 ’
165 2369 270 2428 turam
292 2365 418 2428 obstare
440 2362 565 2446 viderit,
586 2360 757 2426 laborabit.

230 2447 268 2512 ld
290 2469 413 2531 quoque
434 2447 615 2528 vitandum,
644 2445 679 2508 in
707 2466 769 2528 quo
790 2465 910 2528 magna
931 2464 1006 2528 pars
1028 2448 1126 2528 errat,

165 2554 206 2596 ne
233 2533 268 2595 in
297 2531 441 2596 oratione
469 2532 579 2614 poetas
606 2528 698 2593 nobis
727 2532 760 2592 et
785 2527 969 2611 historicos,
997 2529 1032 2592 in
1062 2528 1127 2594 illis

165 2615 313 2700 operibus
335 2617 476 2679 oratores
498 2617 553 2677 aut
580 2612 807 2677 declamatores
835 2613 1007 2676 imitandos
1035 2617 1126 2695 pute-

114 2702 156 2765 22
165 2723 245 2764 mus.
285 2720 343 2762 sua
365 2698 477 2781 cuique
496 2697 660 2781 proposita
681 2696 743 2778 lex,
767 2718 842 2761 suus
864 2696 958 2761 decor
979 2698 1042 2760 est:
1065 2717 1126 2760 nec

168 2783 329 2848 comoedia
352 2782 387 2845 in
410 2780 582 2846 cothurnos
605 2782 760 2865 adsurgit,
783 2801 844 2844 nec
866 2784 978 2844 contra
1000 2784 1126 2864 tragoe-

166 2868 219 2931 dia
240 2887 332 2932 socco
354 2866 544 2950 ingreditur.
575 2865 673 2930 habet
687 2868 797 2928 tamen
819 2865 923 2928 omnis
945 2862 1127 2947 eloquentia

167 2950 285 3033 aliquid
308 2970 488 3013 commune:
525 2949 558 3012 id
588 2949 750 3012 imitemur
771 2947 854 3031 quod
877 2967 1043 3011 commune
1065 2950 1124 3012 est.

114 3035 264 3100 23etiam
285 3033 346 3097 hoc
368 3032 448 3097 solet
469 3032 661 3096 incommodi
684 3032 826 3097 accidere
847 3031 901 3113 iis,
929 3031 983 3114 qui
1013 3053 1046 3095 se
1068 3034 1126 3096 uni

166 3117 260 3183 alicui
282 3117 394 3201 generi
415 3115 613 3199 dediderunt,
640 3121 687 3199 ut,
716 3117 744 3180 si
765 3114 921 3198 asperitas
943 3115 982 3179 iis
1002 3115 1126 3198 placuit

166 3201 314 3283 alicuius,
344 3199 430 3264 hanc
459 3200 555 3264 ctiam
583 3201 618 3264 in
646 3200 712 3264 leni
740 3221 778 3262 ae
804 3200 936 3263 remisso
959 3219 1125 3283 causarum

166 3306 284 3370 genere
306 3304 371 3348 nou
394 3287 527 3348 exuant:
561 3283 588 3346 si
609 3284 750 3347 tenuitas
776 3286 832 3348 aut
858 3282 1055 3364 iucunditas,
1087 3282 1124 3346 in

166 3369 287 3452 asperis
319 3367 532 3452 gravibusque
565 3367 668 3431 causis
700 3366 834 3451 ponderi
872 3387 977 3430 rerum
1009 3385 1123 3449 parum

195 3730 432 3904 ,Λ
564 3958 605 3969 „,
