2400 3984
317 226 352 273 x.
384 229 410 272 e.
429 222 454 290 1,
477 219 637 269 124-131.
670 220 700 290 a,
724 220 819 269 1—e.
1011 204 1055 270 25

87 377 199 459 ineo,
226 374 329 440 multa
358 375 454 439 etiam
483 373 670 438 admiranda
693 377 785 456 sunt,
816 373 934 458 eligere
959 374 1060 438 modo>

90 480 186 524 aurae
208 460 261 541 sit,
284 458 367 543 quod
382 460 508 523 utinam
524 459 592 542 ipse
606 457 751 522 fecisset:
774 458 874 541 digna
889 457 976 521 enim
990 457 1055 521 fuit

89 543 149 608 illa
163 547 290 626 natura,
314 564 396 626 quae
417 542 550 608 meliora
571 541 683 606 vellet:
706 541 789 625 quod
810 541 912 606 voluit
934 541 1049 606 effecit.

155 627 198 691 II.
230 627 281 691 llx
303 628 354 691 his
377 626 552 710 ceterisque
573 625 712 691 lectione
742 625 848 722 dignis
872 625 1054 690 auctoribus

89 714 124 777 et
139 711 308 775 verborum
330 710 484 775 sumenda
507 710 598 793 eopia
614 712 662 774 est
678 712 710 775 et
725 715 862 774 sanetas
877 709 1054 793 figurarum

47 802 50 807 ’
92 798 126 859 et
153 795 363 878 componendi
391 795 490 876 ratio,
525 798 594 857 tum
623 793 661 857 ad
690 793 869 877 exemplum
898 793 1053 857 virtutum

90 879 234 942 omnium
256 899 346 942 mens
368 877 553 962 derigenda.
604 899 707 961 neque
729 878 816 941 enim
838 876 978 940 dubitari
999 898 1054 962 po·

91 965 172 1045 test,
206 967 283 1045 quin
316 962 395 1026 artis
428 983 503 1044 pars
530 981 650 1046 magna
684 963 888 1026 contineatur
920 961 1054 1025 imita·

91 1046 212 1110 tione.
255 1067 331 1109 nam
358 1049 395 1109 ut
421 1045 567 1109 invenire
588 1046 727 1128 primum
747 1045 810 1109 suit
832 1047 942 1128 estque
963 1065 1053 1129 prae-

92 1130 231 1213 cipuum,
255 1130 372 1210 sicea,
396 1150 477 1212 quae
500 1128 581 1193 bene
596 1129 729 1193 inventa
750 1131 835 1212 sunt,
858 1127 937 1192 utile
951 1130 1051 1212 sequi.

93 1216 189 1297 atque
210 1213 314 1276 omnis
336 1213 421 1276 vitae
443 1213 526 1277 ratio
549 1214 595 1276 sio
618 1216 754 1295 constat,
776 1216 814 1276 ut
835 1233 916 1296 quae
937 1213 1084 1297 proba-2

92 1318 163 1360 mus
190 1297 226 1360 in
254 1296 342 1378 aliis,
376 1297 482 1361 faeere
514 1297 578 1379 ipsi
605 1296 749 1360 velimus.
801 1296 847 1359 sio
874 1296 1054 1360 litterarum

93 1380 223 1463 duetus,
252 1382 289 1444 ut
310 1380 469 1445 scribendi
491 1381 550 1444 fiat
570 1401 662 1463 usus,
685 1380 776 1465 pueri
798 1382 984 1463 sequuntur,
1008 1381 1053 1444 sie

92 1464 206 1528 musici
235 1483 345 1527 vocem
372 1464 571 1545 docentium,
604 1464 743 1545 pictores
777 1484 873 1547 opera
899 1464 1052 1547 priorum,

91 1547 215 1612 rustici·
226 1547 394 1630 probatam
415 1548 633 1631 experimento
649 1548 805 1612 culturam
824 1547 1054 1631 inexemplum

92 1633 276 1714 intuentur,
302 1632 405 1696 omnis
427 1632 564 1715 denique
587 1631 775 1715 disciplinae
799 1632 894 1695 initia
916 1631 956 1695 ad
1006 1653 1055 1696 ro-

94 1715 237 1798 positum
258 1714 320 1779 sibi
342 1715 576 1799 praescriptum
597 1715 729 1779 formari
745 1715 897 1779 videmus.
930 1719 962 1779 et
983 1654 1084 1780 her-3

96 1798 166 1863 aule
193 1819 322 1864 neeesse
355 1802 405 1863 est
437 1801 492 1862 aut
522 1798 653 1863 similes¹
675 1802 732 1862 aut
762 1798 931 1863 dissimiles
962 1800 1056 1864 bonis

94 1883 204 1947 simus.
260 1882 396 1946 similem
423 1903 495 1946 raro
522 1885 640 1947 natura
672 1886 834 1966 praestat,
870 1882 1075 1967 frequenter.

94 1966 241 2031 imitatio.
272 1965 327 2030 sed
348 1965 409 2031 hoe
430 1967 545 2049 ipsum,
567 1967 650 2051 quod
665 1969 758 2031 tento
770 1966 948 2031 faciliorem
963 1968 1056 2032 nobis

93 2051 253 2114 rationem
264 2069 372 2113 rerum
386 2050 528 2115 omnium
542 2051 632 2127 facit,
649 2072 744 2135 quarn
759 2050 822 2114 fuit
836 2051 887 2133 iis,
905 2051 959 2135 qui
973 2050 1056 2115 nihil

95 2133 180 2217 quod
207 2136 416 2218 sequerentur
437 2133 634 2218 habuerunt,
660 2134 725 2199 nisi
747 2138 838 2199 caute
860 2136 893 2198 et
916 2155 987 2199 eum
1009 2135 1055 2199 iu·

94 2218 179 2282 dicio
205 2217 464 2302 adprehenditur,
485 2221 590 2282 nooet.

159 2303 247 2367 Ante
269 2303 378 2367 omnia
399 2302 500 2387 igitur
520 2301 658 2367 imitatio
680 2323 738 2385 per
759 2303 882 2385 seipsa
903 2323 969 2366 non
992 2301 1087 2366 suf-4

95 2385 181 2469 ficit,
210 2385 261 2450 vel
283 2387 358 2469 quia
379 2386 466 2482 pigri
489 2389 538 2450 est
559 2386 683 2470 ingenii
706 2389 892 2450 contentum
914 2407 982 2449 esse
1003 2387 1054 2469 iis,

95 2490 178 2553 quae
199 2470 266 2536 sint
287 2469 328 2532 ab
351 2469 421 2537 abis
443 2471 587 2534 inventa.
617 2469 692 2553 quid
715 2470 801 2534 enim
821 2470 965 2533 futurum
988 2474 1057 2535 erat

94 2553 293 2635 temporibus
315 2551 394 2635 illis,
418 2574 499 2636 quae
521 2554 590 2617 sine
614 2553 758 2636 exemplo
778 2552 925 2637 fuerunt,
952 2554 979 2618 si
1001 2553 1056 2618 ho-

95 2637 199 2702 mines
221 2635 313 2717 nihil,
337 2637 400 2701 nisi
422 2637 503 2721 quod
526 2637 591 2701 iam
614 2658 651 2701 eo
675 2637 850 2720 novissent,
873 2637 1057 2702 faciendum

95 2721 157 2785 sibi
180 2723 236 2784 aut
259 2720 464 2804 cogitandum
486 2659 677 2805 putassenti
702 2742 819 2805 nempe
839 2720 923 2785 nihil
944 2722 1059 2799 fuisset

96 2805 273 2869 inventum.
300 2826 356 2868 our
366 2804 467 2951 iiim
481 2805 573 2869 nefas
589 2808 638 2869 est
648 2805 781 2889 reperiri
793 2804 912 2890 aliquid
924 2803 1088 2890 anobis,5

97 2889 180 2971 quod
196 2892 272 2953 ante
294 2909 361 2953 non
397 2887 502 2953 uerit?
524 2910 567 2951 an
588 2888 637 2952 1111
658 2889 752 2953 rudes
774 2888 842 2952 sola
862 2889 980 2952 mentis
1002 2912 1059 2954 na·

96 2976 170 3037 tura
191 2973 278 3038 ducti
300 2974 377 3037 sunt
397 2973 432 3036 in
459 2972 535 3055 hoe,
568 2976 698 3037 uttam
725 2972 826 3036 multa
848 2977 1058 3056 generarent:

96 3077 157 3121 nos
186 3056 226 3120 ad
247 3056 464 3154 quaerendum
484 3076 551 3120 non
573 3077 609 3121 eo
637 3057 707 3140 ipso
736 3056 946 3140 eonoitemur,
975 3059 1058 3141 quod

98 3142 185 3204 certe
219 3139 336 3205 sumus
370 3141 531 3206 invenisse
564 3162 632 3223 eos,
667 3140 720 3224 qui
754 3139 982 3224 quaesierunt?
1025 3140 1087 3205 eso

99 3244 172 3288 oum
193 3222 259 3305 illi,
288 3224 343 3368 elmi
364 3225 487 3289 nullum
510 3226 696 3308 cuiusquam
717 3225 763 3288 rei
785 3224 967 3289 habuerunt
993 3246 1059 3288 ma-

99 3307 246 3392 gistrum,
270 3309 408 3389 purima
428 3310 465 3373 in
485 3313 629 3392 posteros
643 3308 851 3374 tradiderint:
872 3309 966 3373 nobis
983 3330 1058 3371 usus

99 3391 235 3455 aliarum
259 3410 366 3454 rerum
393 3392 432 3455 ad
454 3392 609 3458 eruendas
632 3391 711 3455 alias
733 3414 800 3457 non
821 3392 972 3477 proderit,
1004 3391 1060 3455 sed

97 3475 182 3540 nihil
202 3474 391 3541 habebimus
412 3476 475 3540 nisi
489 3476 637 3541 benefioii
653 3474 774 3541 alieni?
796 3474 1060 3561 quemadmodum
