2400 3984
474 199 516 263 κζ
534 221 560 264 e.
580 213 604 282 1,
623 213 697 260 53-
710 213 753 264 00.
1056 203 1096 266 13

132 373 183 435 est
214 373 246 434 et
278 368 379 432 multa
400 367 504 452 magis
535 389 631 451 quam
661 367 833 431 multorum
863 368 1001 433 lectione
1032 369 1096 433 for-

132 453 252 518 manda
278 474 368 515 mens
396 455 430 516 et
456 452 617 516 ducendus
645 452 741 516 color.
790 453 899 536 itaque
929 475 968 516 ex
993 453 1096 517 tribus

133 537 271 621 receptis
286 535 468 600 Aristarchi
489 535 606 600 iudicio
628 535 835 620 scriptoribus
857 536 1035 601 iamborum
1056 537 1097 600 ad

134 624 199 688 ἕξιν
221 621 359 684 maxime
373 620 548 704 pertinebit
562 641 643 683 unus
664 619 943 683 Archilochus.
972 621 1149 686 summatiO

134 707 170 770 in
193 704 254 768 hoc
276 705 323 767 vis
350 704 555 786 elocutionis,
587 725 659 767 cum
679 703 805 767 validae
826 706 896 767 tum
917 703 1029 768 breves
1051 706 1096 768 vi·

134 790 328 872 brantesque
360 787 557 868 sententiae,
593 786 765 870 plurimum
801 786 968 871 sanguinis
1001 791 1097 871 atque

135 893 322 952 nervorum,
352 872 430 936 adeo
451 874 489 934 ut
509 871 655 934 videatur
677 871 881 955 quibusdam,
911 871 994 955 quod
1022 890 1097 954 quo-

136 978 231 1042 quam
253 957 359 1019 minor
380 958 439 1036 est,
462 955 616 1018 materiae
638 976 716 1037 esse,
738 977 805 1019 non
826 955 951 1038 ingenii
973 955 1096 1019 vitium.

104 1044 107 1051 '
135 1061 249 1105 novem
281 1060 355 1103 vero
388 1039 559 1122 lyricorum
591 1037 688 1121 longe
715 1037 913 1102 Pindarus
946 1038 1097 1121 princeps
1106 1040 1146 1105 61

135 1125 267 1207 spiritus
288 1122 544 1206 magnificentia,
566 1122 746 1204 sententiiS,
769 1123 891 1206 figuris,
914 1122 1099 1186 beatissima

135 1229 242 1272 rerum
263 1207 493 1289 verborumque
516 1207 607 1289 copia
629 1209 662 1270 et
682 1205 771 1270 velut
792 1205 928 1290 quodam
950 1205 1098 1290 eloquen-

134 1293 201 1356 tiae
223 1290 370 1354 flumine:
393 1292 524 1374 propter
538 1311 619 1373 quae
634 1289 788 1354 Horatius
804 1311 877 1353 eum
895 1290 1009 1352 merito
1033 1310 1098 1353 cre·

136 1375 218 1440 didit
237 1374 361 1438 nemini
381 1374 579 1437 imitabilem.
624 1372 909 1456 Stesichorum,
937 1394 1033 1458 quam
1055 1373 1149 1439 sit62

135 1459 267 1543 ingenio
283 1458 416 1538 validus,
439 1458 592 1521 materiae
614 1478 737 1541 quoque
751 1457 936 1540 ostendunt,
959 1458 1099 1520 maxima

136 1543 222 1608 bella
244 1545 277 1606 et
299 1542 490 1606 clarissimos
506 1545 675 1605 canentem
691 1541 786 1605 duces
802 1544 835 1605 et
849 1541 932 1625 epici
948 1541 1099 1605 carminis

136 1649 235 1692 onera
260 1626 331 1710 lyra
358 1625 580 1689 sustinentem.
634 1625 740 1690 reddit
774 1626 859 1689 enim
886 1625 1031 1708 personis
1063 1625 1100 1688 in

136 1708 1100 1860 uscauuuuuusecularitas1

136 1901 208 1943 rum
229 1877 385 1962 potuisse,
416 1841 472 1940 se⁷d
499 1875 658 1939 redundat
679 1878 775 1959 atque
798 1814 986 1957 Effunditur,
1015 1876 1100 1958 quod

137 1967 174 2026 ut
194 1968 242 2027 est
262 1959 567 2045 reprehendendum,
590 1960 637 2023 ita
657 1960 767 2043 copiae
788 1960 903 2024 vitium
925 1963 983 2023 est.
1028 1960 1149 2024 Α1-63

137 2067 253 2111 cacus
279 2045 315 2109 in
336 2047 429 2128 parte
450 2044 555 2128 operis
584 2065 699 2108 aureo
726 2044 882 2127 plectro
910 2045 1024 2107 merito
1047 2044 1099 2107 do-

119 2134 244 2213 sarm,
295 2152 336 2193 ua
355 2135 511 2212 tyrannos
533 2127 707 2192 insectatus
729 2128 863 2191 multum
888 2127 985 2191 etiam
1006 2127 1100 2190 mori-

137 2216 197 2279 bus
214 2236 250 2278 co
290 2216 348 2295 ert,
365 2214 400 2276 in
416 2212 591 2297 eloquendo
607 2233 730 2295 quoque
746 2211 850 2275 brevis
866 2213 899 2274 et
908 2211 1100 2295 magnificus

137 2302 171 2363 00
192 2297 319 2362 dicendi
341 2297 373 2360 vi
394 2296 581 2381 plerumque
604 2295 723 2358 oratori
745 2295 868 2376 similis,
892 2294 948 2357 sed
969 2297 1002 2358 et
1023 2295 1101 2358 lusit

137 2385 170 2446 et
200 2382 236 2445 in
268 2402 390 2444 amores
423 2379 604 2459 deseendit,
637 2378 810 2442 maioribus
841 2381 952 2442 tamen
984 2379 1098 2462 aptior.

137 2464 379 2544 Simonides,
401 2465 509 2528 tenuis
531 2463 659 2546 alioqui,
683 2483 828 2526 sermone
848 2461 978 2545 proprio
1000 2465 1033 2526 et
1054 2462 1100 2527 iu·
1109 2462 1152 2526 64

138 2549 303 2613 canditate
324 2546 463 2630 quadam
484 2546 699 2610 commendari
719 2549 837 2629 potest,
861 2545 1033 2642 praecipua
1052 2550 1099 2611 ta·

136 2655 211 2697 men
233 2632 299 2695 eius
321 2631 356 2693 in
379 2631 607 2695 commovenda
624 2630 829 2701 miseratione
844 2632 956 2711 vrrtus,
981 2633 1018 2693 ut
1053 2630 1100 2694 ui-

137 2717 266 2863 damfin
281 2714 343 2778 hac
359 2736 430 2778 eum
445 2718 538 2798 parte
553 2716 700 2779 omnibus
715 2714 782 2778 eius
797 2715 902 2798 operis
918 2651 1100 2777 auctoribus

159 2823 212 2864 rao
229 2803 331 2863 erant.

50 2890 66 2968 Ἰ
136 2823 158 2884 p
201 2885 346 2968 Antiqua
369 2881 531 2946 comoedia
554 2902 625 2945 cum
647 2881 806 2945 sinceram
827 2881 916 2945 illam
943 2880 1099 2944 sermonis
1108 2879 1150 2944 65

138 2969 240 3033 Attici
268 2967 408 3053 gratiam
436 2987 534 3049 prope
562 2965 630 3028 sola
650 2967 785 3047 retinet,
814 2967 883 3029 tum
910 2963 1101 3028 facundissi-

136 3075 207 3116 mae
228 3052 387 3116 libertatis
410 3053 459 3114 est
481 3049 570 3113 etin
591 3048 788 3112 insectandis
810 3048 897 3112 vitiis
916 3050 1098 3132 praecipua,

136 3138 308 3220 plurimum
341 3139 451 3200 tamen
478 3133 595 3197 virium
623 3134 721 3198 etiam
747 3133 783 3197 in
811 3132 925 3197 ceteris
952 3132 1100 3215 partibus

137 3221 244 3317 habat.
289 3241 364 3283 nam
393 3222 426 3284 et
452 3218 585 3303 grandis
608 3220 641 3281 00
667 3218 799 3301 elegans
828 3220 861 3280 00
887 3218 1037 3296 venusta,
1067 3218 1100 3278 et

136 3303 445 3470 turstatt
468 3300 1032 3468 ut.{1⁰ffr¹¹².uf³.uueno
1057 3300 1100 3444 ti

136 3471 314 3536 oratoribus
337 3475 393 3534 aut
415 3469 455 3533 ad
477 3472 619 3533 oratores
640 3469 804 3532 faciendos
827 3467 942 3551 aptior.
992 3464 1099 3550 plures
1108 3465 1151 3530 66
