2400 3984
127 132 149 193 4
398 147 617 208 QUINTILIANI
639 148 727 196 rusa.
752 149 809 196 oa.

127 297 331 381 perdidicerit
345 320 364 363 a
379 302 584 381 praeceptore
598 320 762 380 numeros,
785 320 847 382 quo
867 319 984 383 genere
999 320 1086 362 exer-

128 383 290 446 citationis
306 382 346 446 ad
362 385 537 447 certamina
550 383 788 466 praeparandus
803 384 855 447 sit.
886 382 986 466 igitur
1001 404 1083 462 eum,
1104 423 1105 427 =

128 467 182 548 qui
209 487 260 529 res
287 467 431 530 invenire
459 469 491 530 et
519 466 685 550 disponere
713 466 807 548 sciet,
836 466 934 530 verba
961 487 1085 550 quoque

128 554 160 614 ct
188 549 328 634 eligendi
357 553 389 614 et
417 550 605 615 conlocandi
631 551 789 614 rationem
816 551 1007 632 perceperit,
1036 550 1085 612 in-

126 638 302 716 struamus,
336 655 399 716 qua
424 635 549 698 ratione
576 634 659 718 quod
685 632 832 697 didicerit
857 633 964 697 facere
990 655 1086 717 quam

126 719 255 802 optime,
278 739 375 800 quam
396 717 548 782 facillime
570 718 680 801 possit.

96 806 118 871 5
189 801 276 865 Num
309 822 385 886 ergo
413 801 543 865 dubium
565 805 628 884 est,
657 801 735 885 quin
762 801 792 865 ei
814 800 901 865 velut
923 821 998 884 opes
1020 801 1087 863 sint

126 885 280 968 quaedam
301 886 478 969 parandae,
501 886 615 969 quibus
636 887 694 967 uti,
717 884 906 968 ubicumque
928 884 1086 948 desidera-

125 973 194 1032 tum
217 969 294 1052 erit,
316 969 440 1053 possit?
473 990 528 1033 eae
550 973 699 1034 constant
722 970 813 1051 copia
834 988 941 1033 rerum
963 989 1002 1033 ao
1017 991 1085 1032 ver-

96 1054 247 1122 ssborum.
292 1053 347 1116 sed
374 1074 425 1116 res
454 1055 601 1136 propriae
622 1055 698 1117 sunt
724 1053 874 1136 cuiusque
896 1073 1008 1116 causae
1031 1057 1088 1117 aut

125 1139 236 1219 paucis
258 1158 456 1220 commoneo,
479 1138 576 1201 verba
595 1137 631 1201 in
645 1137 809 1200 universas
824 1136 982 1220 paranda:
1004 1158 1086 1219 quae

126 1221 153 1285 si
169 1221 262 1284 rebus
282 1221 419 1305 singulis
440 1223 547 1284 essent
567 1221 705 1304 singula,
726 1221 881 1284 minorem
903 1241 1011 1283 curam
1031 1243 1086 1303 po·

125 1304 298 1368 stularent:
321 1326 398 1367 nam
421 1307 537 1369 cuncta
559 1326 627 1368 sese
650 1326 721 1369 cum
738 1304 816 1387 ipsis
831 1304 977 1386 protinus
992 1305 1085 1368 rebus

125 1389 286 1452 offerrent.
324 1388 379 1452 sed
395 1410 466 1452 cum
489 1388 554 1452 sint
577 1389 648 1452 aliis
670 1387 733 1451 alia
755 1389 811 1450 aut
831 1388 935 1472 magis
957 1389 1087 1471 propria

126 1476 181 1535 aut
202 1473 306 1555 magis
328 1476 442 1535 ornata
464 1474 519 1535 aut
540 1472 612 1555 plus
633 1471 808 1536 efficientia
829 1475 886 1535 aut
905 1472 1017 1535 melius
1038 1493 1086 1535 so-

126 1555 250 1638 nantia,
278 1556 397 1619 debent
418 1577 486 1619 esse
507 1576 574 1619 non
596 1556 697 1619 solum
721 1558 799 1619 nota
820 1555 944 1639 omnia,
974 1555 1086 1620 sedin

125 1643 276 1722 promptu
297 1642 401 1722 atque,
424 1644 461 1704 ut
481 1640 528 1703 ita
551 1640 665 1721 dicam,
688 1640 723 1703 in
739 1642 920 1722 conspecta,
943 1642 990 1721 ut,
1014 1661 1086 1703 cum

125 1745 158 1786 se
173 1723 289 1787 iudicio
304 1723 440 1787 dicentis
464 1724 671 1806 ostenderint,
693 1723 798 1786 facilis
820 1744 859 1786 er
880 1722 931 1786 his
952 1723 1085 1806 optimo·

97 1811 193 1874 irum
218 1808 261 1871 sit
282 1806 405 1870 electi0.
442 1815 505 1871 scio
519 1813 654 1885 equidem
669 1828 749 1889 quae
764 1805 856 1870 idem'
865 1806 1086 1891 significarent

125 1891 235 1954 solitos
257 1890 406 1973 ediscere,
437 1911 499 1972 quc
520 1889 647 1954 facilius
671 1892 703 1954 et
724 1894 904 1954 occurreret
925 1912 1024 1954 unum
1047 1912 1085 1955 ex

123 1973 279 2058 pluribus,
311 1977 357 2056 et,
389 1995 460 2038 cum
481 1977 589 2037 essent
610 1975 659 2038 usi
682 1974 804 2057 aliquo,
833 1974 861 2038 si
881 1974 977 2038 breve
998 1974 1086 2038 intra

124 2057 263 2141 spatium
278 2078 387 2121 rursus
403 2056 649 2138 desideraretur,
672 2057 870 2142 effugiendae
884 2058 1085 2141 repetitionis

123 2141 230 2226 gratia
251 2143 413 2204 sumerent
442 2140 542 2223 aliud,
572 2140 656 2224 quod
684 2141 768 2204 idem
798 2141 944 2224 intellegi
965 2146 1083 2225 posset.

123 2225 205 2308 quod
222 2245 292 2288 cum
304 2228 353 2288 est
363 2225 484 2308 puerile
500 2228 532 2288 ct
546 2224 709 2288 cuiusdam
719 2224 859 2289 infelicis
874 2246 998 2309 operae,
1014 2228 1086 2290 tum

122 2309 220 2372 etiam
241 2307 319 2371 utile
339 2329 469 2391 parum:
490 2309 617 2372 turbam
638 2310 766 2372 tantum
787 2309 880 2372 modo
896 2313 1082 2393 congregat,

123 2413 161 2455 ex
189 2413 251 2474 qua
273 2393 342 2456 sine
364 2391 546 2456 discrimine
574 2395 708 2475 occupet
729 2393 907 2489 proximum
928 2394 1082 2476 quodque.

93 2477 113 2542 8
184 2475 286 2539 Nobis
312 2479 419 2539 autem
442 2476 533 2559 copia
554 2497 625 2540 cum
646 2476 764 2540 iudicro
786 2477 929 2558 paranda
950 2478 999 2540 est
1018 2478 1084 2540 vim

122 2559 245 2640 orandi,
270 2580 336 2622 non
352 2558 586 2623 circulatoriam
607 2559 838 2624 volubilitatem
852 2559 1081 2644 spectantibus.

121 2642 155 2706 id
166 2645 273 2706 autem
286 2642 508 2725 consequimur
518 2642 639 2726 optima
652 2643 787 2727 legendo
799 2647 894 2728 atque
910 2644 1082 2709 audiendo:

122 2747 188 2789 non
217 2727 302 2789 enim
329 2725 443 2790 solum·
460 2727 592 2790 nomina
619 2726 690 2809 ipsa
718 2749 824 2791 rerum
856 2749 1084 2811 cognoscemus

122 2809 184 2873 hac
218 2831 308 2892 cura,
343 2810 398 2873 sed
430 2809 512 2894 quod
544 2832 667 2894 quoque
699 2811 770 2875 loco
801 2811 845 2875 sit
871 2812 1082 2894 aptissimum.

96 2893 272 2957 90mnibus
294 2893 380 2956 enim
400 2893 467 2957 fere
491 2895 596 2958 verbis
618 2897 746 2977 praeter
766 2915 878 2978 pauca,
908 2916 989 2977 quae
1008 2899 1084 2960 sunt

123 2997 237 3059 parum
258 2976 449 3060 verecunda,
472 2978 507 3041 in
529 2978 673 3042 oratione
695 2978 783 3041 locus
805 2981 863 3041 est.
895 2999 970 3041 nam
985 2979 1084 3063 scrip·

123 3065 209 3123 tores
237 3060 365 3143 quidem
386 3061 564 3125 iamborum
585 3063 763 3145 veterisque
786 3061 964 3125 comoediae
986 3062 1084 3128 etiam

122 3144 157 3207 in
185 3143 249 3206 illis
278 3165 371 3227 saepe
400 3144 588 3228 laudantur,
624 3144 680 3208 sed
711 3145 803 3208 nobis
829 3150 975 3209 nostrum
1002 3167 1021 3209 o
1045 3169 1083 3211 us

122 3227 241 3290 intueri
269 3231 320 3290 sat
348 3230 405 3291 est.
454 3229 561 3292 omnia
588 3229 703 3310 verba,
736 3229 876 3312 exceptis
904 3230 943 3294 de
970 3169 1084 3314 quibus

123 3310 205 3392 dixi,
235 3314 311 3374 sunt
339 3311 457 3375 alicubi
480 3312 616 3395 optima:
644 3334 720 3376 nam
748 3317 780 3377 et
809 3313 981 3377 humilibus
1002 3315 1084 3377 inte·

121 3396 182 3459 rim
205 3398 238 3458 et
252 3393 440 3479 vulgaribus
455 3399 505 3460 est
518 3417 608 3481 opus,
632 3400 664 3459 et
678 3418 758 3480 quae
772 3397 923 3462 nitidiore
943 3395 978 3461 in
992 3401 1084 3480 parte
