2400 3984
162 204 204 267 20
433 222 653 282 oururrnmm
676 224 765 273 11111.
790 224 845 272 oa.

91 370 151 434 100
163 371 189 435 si
211 372 428 437 introversus
450 373 612 438 trimetros
632 375 827 460 stetissent):
849 375 903 439 vix
923 373 1026 438 levem
1048 395 1126 439 con-

161 456 321 539 sequimur
335 457 491 539 umbram,
515 458 593 521 adeo
613 461 651 521 ut
665 457 743 522 mihi
758 479 861 522 sermo
875 459 943 541 ipse
958 457 1125 523 Romanus

79 590 82 594 .
160 561 227 603 non
248 541 389 624 recipere
415 541 560 604 uideatur
581 541 670 606 illam
697 543 772 606 solis
799 563 983 607 concessam
1004 542 1124 607 Atticis

162 644 320 707 venerem,
346 646 417 688 curn
439 646 510 689 eam
524 647 566 690 ne
582 625 696 690 Graeci
712 626 840 710 quidem
861 628 896 689 in
919 626 982 690 alio
1004 647 1124 711 genere

161 707 291 792 linguae
327 708 536 773 obtinuerint.
597 709 717 794 togatis
751 709 879 774 excellit
911 710 1122 774 Afranius:

161 794 285 856 utinam
307 814 374 857 non
395 793 595 877 inquinasset
617 797 806 878 argumenta
828 814 998 878 puerorum
1021 794 1123 858 foedis

163 877 333 960 amoribus,
357 898 460 941 mores
483 898 556 942 suos
577 877 693 942 fassus.

91 958 148 1022 101
228 962 272 1025 At
292 982 359 1025 non
379 960 514 1026 historia
541 963 671 1026 cesserit
693 961 832 1026 Graecis.
881 981 941 1024 nec
962 981 1123 1044 opponere

161 1044 338 1129 Thucydidi
361 1044 598 1111 Sallustium
620 1067 747 1126 verear,
770 1067 830 1110 nec
850 1044 1038 1129 indignetur
1060 1046 1122 1111 sibi

160 1129 341 1193 Herodotus
370 1130 497 1213 aequari
525 1129 563 1193 T.
587 1128 759 1210 Livium,
794 1151 865 1195 cum
891 1128 927 1192 in
960 1130 1122 1194 narrando

160 1216 261 1277 mirae
288 1212 496 1277 iucunditatis
530 1211 758 1293 clarissimique
793 1213 953 1296 candoris,
988 1216 1056 1276 tum
1087 1215 1122 1278 in

161 1297 364 1362 contionibus
386 1318 482 1379 supra
503 1315 599 1378 quam
612 1295 764 1358 ‘enarrari
785 1300 891 1377 potest
905 1297 1121 1379 eloquentem:

159 1383 207 1444 ita
234 1401 315 1464 quae
342 1380 492 1444 dicuntur
513 1378 620 1442 omnia
643 1399 714 1442 cum
742 1378 852 1460 rebus,
881 1383 950 1443 tum
976 1383 1122 1463 personis

161 1464 398 1528 accommodata
430 1465 520 1527 sunt:
558 1462 703 1527 adfectus
732 1462 859 1546 quidem
888 1465 1122 1547 praecipueque

160 1569 212 1611 eos
233 1547 287 1631 qui
309 1550 386 1611 sunt
406 1547 576 1628 dulciores,
606 1550 642 1610 ut
663 1545 847 1629 parcissime
874 1544 995 1625 dicam,
1024 1568 1122 1612 nemo

92 1631 148 1696 102
161 1631 383 1695 historicorum
411 1630 624 1695 commodavit
644 1631 757 1714 magis.
800 1629 932 1713 ideoque
953 1628 1042 1692 illam
1072 1632 1119 1695 in·

160 1716 327 1781 mortalem
339 1714 482 1781 Sallustii
495 1714 698 1779 uelocitatem
711 1714 842 1778 diversis
858 1713 1028 1777 virtutibus
1045 1734 1116 1777 con-

159 1803 286 1864 secutus
309 1803 367 1863 est.
412 1795 493 1864 nam
509 1800 587 1863 mihi
611 1800 740 1884 egregie
763 1797 878 1863 dixisse
894 1797 1017 1862 videtur
1033 1796 1119 1862 Ser·

160 1885 282 1947 vilius
305 1883 525 1965 Nonianus,
550 1904 642 1965 pares
665 1903 718 1946 eos
739 1883 843 1967 magis
865 1903 961 1965 quam
983 1881 1119 1948 similes:

159 1969 213 2049 qui
241 1970 273 2030 et
299 1967 368 2048 ipse
397 1988 416 2029 a
442 1965 535 2029 nobis
564 1966 690 2029 auditus
718 1969 783 2047 est,
815 1967 893 2030 clari
920 1966 968 2030 vir
995 1965 1119 2049 ingenii

158 2055 191 2114 et
218 2050 385 2114 sententiis
409 2049 528 2131 creber,
552 2048 606 2113 sed
627 2049 733 2112 minus
755 2070 883 2132 pressus
905 2071 1000 2132 quani
1021 2048 1118 2113 histo·

87 2135 147 2200 103
159 2136 224 2197 riae
247 2135 419 2198 auctoritas
440 2133 591 2216 postulat.
632 2153 726 2214 quam
748 2132 879 2215 paulum
902 2136 1007 2196 aetate
1027 2155 1119 2216 prae·

160 2219 274 2282 cedens
305 2238 376 2281 eum
399 2215 547 2280 Bassus
578 2215 766 2280 Aufidius
789 2215 928 2299 egregie,
953 2215 1061 2299 utique
1083 2218 1119 2282 in

159 2302 249 2365 libris
279 2301 354 2365 belli
383 2300 580 2384 Germanici,
607 2299 785 2383 praestitit,
814 2319 933 2382 genere
954 2299 1023 2381 ipso
1046 2322 1119 2383 pro·

158 2386 285 2466 babilis,
307 2386 341 2448 in
363 2385 511 2467 operibus
534 2383 721 2469 quibusdam
742 2384 806 2447 suis
828 2383 897 2466 ipse
918 2382 1037 2448 viribus
1060 2386 1117 2448 mi-

87 2470 147 2534 104
159 2492 227 2534 nor.
262 2472 406 2552 superest
428 2468 531 2533 adhuc
554 2472 587 2532 et
600 2470 695 2532 ornat
709 2468 825 2531 aetatis
839 2467 966 2532 nostrae
980 2466 1117 2550 gloriam

157 2554 206 2617 vir
232 2553 429 2617 saeculorum
451 2553 603 2616 memoria
630 2551 763 2635 dignus,
792 2551 847 2635 qui
875 2550 951 2622 olim
972 2553 1115 2616 nomina·

158 2638 258 2717 bitur,
282 2659 369 2701 nunc
390 2636 598 2720 intellegitur.
643 2634 741 2698 habet
762 2638 918 2699 amatores
939 2656 999 2700 nec
1015 2636 1114 2699 inme·

157 2722 218 2785 rito
234 2720 425 2787 Cremutii
447 2720 588 2801 libertas,
611 2739 801 2802 quamquam
819 2719 1013 2783 circumcisis
1034 2740 1115 2803 quae

158 2807 274 2869 dixisse
297 2806 324 2869 ei
347 2808 514 2868 nocuerat:
545 2803 599 2867 sed
621 2802 739 2866 elatum
761 2803 886 2867 abunde
906 2803 1053 2886 spiritum
1082 2808 1136 2867 et-

158 2890 292 2954 audaces
314 2889 491 2953 sententias
513 2885 731 2971 deprehendas
753 2888 851 2951 etiarn
876 2886 912 2949 in
939 2884 989 2950 his
996 2935 1004 2968 ,
1034 2908 1114 2970 quae

156 2977 299 3037 manent.
330 2976 406 3037 sunt
428 2976 460 3037 et
481 2972 537 3036 alii
558 2972 728 3054 scriptores
743 2972 829 3051 boni,
853 2968 907 3034 sed
922 2990 980 3034 nos
995 2991 1115 3055 genera

157 3055 379 3140 degustamus,
408 3077 473 3119 non
495 3055 705 3120 bibliothecas
727 3055 914 3119 excutimus.

87 3142 146 3207 105
221 3138 370 3204 Oratores
402 3160 476 3203 vero
509 3140 559 3203 vel
591 3141 761 3223 praecipue
799 3138 935 3202 latinam
968 3139 1114 3223 eloquen-

156 3223 236 3287 tiam
257 3244 367 3306 parem
388 3222 494 3288 facere
516 3244 651 3307 graecae
680 3225 828 3308 possunt:
861 3244 937 3286 nam
959 3222 1113 3288 Cicero-

156 3328 241 3372 nem
274 3306 459 3390 cuicumque
492 3326 600 3371 eorum
629 3307 757 3372 fortiter
791 3307 1000 3392 opposuerim.
1054 3329 1113 3372 nec

156 3393 281 3475 ignoro,
302 3392 456 3474 quantam
479 3390 558 3454 mihi
578 3392 734 3456 concitem
754 3413 907 3477 pugnam,
932 3413 1002 3455 cum
1024 3413 1113 3474 prae·

157 3475 267 3540 sertim
297 3496 363 3541 non
394 3474 427 3541 id
460 3474 503 3539 sit
535 3475 705 3561 propositi,
738 3480 776 3540 ut
807 3497 878 3541 eum
906 3474 1113 3540 Demostheni
