2400 3984
464 197 498 241 x.
528 199 553 242 c.
571 193 596 261 1,
613 191 742 243 ae-ro.
1061 179 1082 243 9

123 346 175 410 est
196 349 229 410 et
252 346 333 410 alius
355 367 394 410 ex
415 344 557 410 historiis
580 367 655 409 usus
671 348 703 410 et
725 345 751 408 is
766 346 893 428 quidem
915 346 1135 427 maximus,34

123 431 266 494 sednon
293 431 333 493 ad
358 434 559 513 praesentem
581 430 746 513 pertinens
773 432 886 514 locum,
911 451 948 494 ex
976 432 1084 514 cogni-

123 513 213 578 tione
235 535 342 578 rerum
370 514 663 598 exemplorumque,
695 514 808 597 quibus
835 514 870 577 in
897 516 1009 596 primis
1036 514 1085 577 in-

123 600 264 662 structus
288 618 356 661 esse
377 597 473 661 debet
494 602 611 680 orator,
635 619 676 660 ne
699 597 805 660 omnia
828 598 1012 662 testimonia
1033 618 1084 660 ex·

123 684 248 764 spectet
270 704 289 746 a
311 681 488 766 litigatore,
519 680 573 745 sed
596 681 745 765 pleraque
767 703 804 744 ex
826 684 986 745 vetustate
1014 682 1084 744 dili·

123 767 239 848 genter
261 764 322 829 sibi
345 766 474 849 cognita
497 769 613 848 sumat,
642 766 703 829 hoe
724 767 913 848 potentiora,
942 766 1025 849 quod
1048 786 1085 829 ea

123 848 193 912 sola
215 849 401 913 criminibus
423 850 485 912 odii
508 853 540 912 et
562 850 686 933 gratiae
708 858 834 913 venant.

187 932 218 996 A
245 931 506 1016 philosophorum
534 954 608 996 vero
629 932 766 997 lectione
794 936 830 996 ut
855 936 963 997 essent
984 933 1137 1003 multaab

91 1040 97 1047 ·
123 1016 216 1080 nobis
261 1017 393 1100 etenda‚
424 1017 502 1080 vitio
523 1017 647 1080 factum
670 1019 718 1080 est
740 1020 917 1099 oratorum,
941 1017 995 1101 qui
1017 1019 1085 1100 qui·

124 1098 196 1164 dem
224 1038 289 1163 illis
317 1101 438 1184 optima
465 1101 514 1163 sui
542 1101 646 1183 operis
674 1104 765 1183 parte
787 1104 960 1165 cesserunt.
1010 1122 1086 1165 narn

125 1183 217 1247 etde
239 1184 342 1266 iustis,
366 1183 524 1265 honestis,
546 1184 678 1248 utilibus
700 1184 801 1268 iisque
824 1206 903 1269 quae
926 1187 1001 1248 sunt
1015 1185 1086 1249 istis

126 1267 299 1349 contraria,
324 1270 356 1330 et
376 1268 414 1331 de
434 1268 529 1332 rebus
551 1269 668 1331 divinis
690 1268 827 1332 maxime
850 1268 962 1332 dieunt
984 1271 1016 1332 et
1038 1291 1086 1332 ar-

124 1354 356 1434 gumentantur
378 1353 503 1432 aeriter,
533 1355 565 1416 et
588 1351 849 1416 altercationibus
872 1355 966 1435 atque
988 1352 1086 1416 iuter·
1159 1390 1162 1395 <

124 1435 345 1518 rogationibus
360 1438 518 1499 oratorem
532 1435 675 1498 futurum
690 1437 810 1518 optime
826 1434 981 1500 Socratici
996 1458 1086 1518 prae·

123 1521 252 1600 parent.
297 1518 352 1582 sed
380 1519 430 1582 his
452 1540 576 1603 quoque
598 1519 813 1583 adhibendum
842 1523 891 1582 est
916 1519 1018 1593 simile
1040 1521 1086 1584 iu·
1096 1525 1138 1590 36

125 1600 251 1675 dicium,
275 1605 312 1665 ut
333 1603 431 1666 etiam
454 1624 524 1666 eum
546 1604 582 1666 in
603 1603 697 1666 rebus
713 1622 874 1666 versemur
887 1603 997 1685 isdem,
1020 1625 1087 1667 non

124 1689 234 1749 tamen
257 1686 391 1749 eandem
414 1707 482 1749 esse
512 1686 730 1751 condicionem
757 1687 894 1750 sciamus
921 1687 1026 1750 litium
1049 1709 1088 1752 ao

124 1769 389 1916 displutationum,
412 1770 475 1833 fori
497 1773 530 1833 et
545 1770 702 1852 auditorii,
725 1775 968 1852 praeceptorum
988 1774 1020 1834 et
1034 1791 1088 1853 pe·

123 1872 171 1917 ne
206 1874 306 1916 orum.

189 1935 290 2001 Credo
323 1939 489 2000 exacturos
528 1937 711 2020 plerosque,
755 1958 825 2001 eum
859 1941 986 2001 tantum
1020 1960 1088 2003 esse
1097 1945 1139 2008 37

124 2019 276 2084 utilitatis
303 2020 339 2083 in
366 2019 502 2104 legendo
531 2021 722 2102 iudicemus,
754 2025 791 2085 ut
823 2021 856 2085 id
883 2042 1007 2105 quoque
1035 2023 1089 2086 ad·

124 2104 296 2188 iungamus
318 2107 416 2201 operi,
441 2106 499 2201 qui
517 2106 583 2169 sint
602 2111 728 2183 tenendi,
751 2106 943 2201 quaequein
959 2108 1088 2202 auctore

124 2192 614 2357 llltululllettlltfltllssa
629 2189 923 2336 tleplltilim
941 2322 947 2335 .
964 2189 1140 2342 ltalia

125 2358 178 2420 tot
197 2355 326 2419 milibus
350 2377 499 2420 versuum
525 2356 565 2420 de
585 2355 740 2419 Romanis
760 2358 888 2420 tantum
910 2357 1089 2421 oratoribus

127 2440 276 2523 loquatur
298 2442 459 2504 ettamen
482 2440 521 2502 de
543 2441 689 2503 omnibus
712 2440 827 2503 aetatis
851 2460 938 2520 suae,
962 2441 1089 2522 quibus-

130 2543 203 2587 cum
225 2522 362 2604 vivebat,
387 2523 528 2606 exeeptis
541 2521 677 2587 Caesare
699 2526 795 2606 atque
809 2522 972 2606 Marcello,
994 2524 1089 2588 silen-

127 2608 209 2670 tium
231 2607 349 2690 egerit:
371 2607 442 2689 quis
464 2607 526 2669 erit
539 2607 661 2688 modus,
684 2607 712 2670 si
728 2611 762 2670 et
775 2607 846 2670 illos
862 2610 895 2669 et
909 2608 963 2690 qui
977 2610 1089 2689 postea

126 2691 258 2754 fuerunt
280 2691 312 2752 et
327 2689 466 2754 Graecos
487 2690 590 2754 omnis
615 2689 660 2777 [et
679 2689 922 2778 philosophos]?
942 2691 1007 2754 fuit
1027 2691 1087 2774 igi·
1097 2695 1141 2760 39

127 2779 181 2872 tur
207 2774 348 2871 brevitas
375 2773 432 2836 illa
458 2774 635 2870 tutissima,
664 2795 745 2856 quae
774 2779 824 2838 est
851 2775 936 2857 apud
963 2773 1090 2838 Livium

127 2856 705 3025 tnltltttituatur,
728 2857 1090 3024 {seruetur

128 3046 200 3109 que
228 3028 333 3089 esset
360 3025 622 3089 Demostheni
651 3029 688 3088 et
717 3023 900 3090 Ciceroni
929 3025 1088 3090 similli-

128 3129 220 3172 mus.
270 3129 337 3173 non
364 3113 413 3173 ost
440 3108 669 3173 dissimulanda
698 3109 801 3173 nostri
834 3130 957 3193 quoque
978 3109 1141 3177 iudieii40

131 3212 266 3256 summa.
310 3213 429 3275 paucos
457 3193 543 3256 enim
570 3194 621 3256 vel
642 3193 748 3276 potius
769 3194 823 3257 vix
844 3194 945 3258 ullum
968 3214 1005 3256 ex
1027 3193 1088 3276 his,

129 3276 183 3360 qui
205 3279 397 3341 vetustatem
420 3277 633 3360 pertulerunt,
662 3277 809 3341 existimo
829 3298 923 3361 posse
944 3278 1088 3360 reperiri,

129 3361 207 3444 quin
239 3359 391 3423 iudioium
424 3361 648 3425 adhibentibus
679 3360 842 3425 adlaturus
870 3362 914 3426 sit
939 3360 1090 3424 utilitatis

47 3518 50 3523 ¹
130 3443 267 3528 aliquid,
291 3463 362 3508 eum
384 3464 418 3506 se
441 3443 551 3509 Cicero
573 3445 614 3508 ab
635 3443 699 3508 illis
721 3466 845 3528 quoque
866 3443 1090 3509 vetustissimis
