2400 3984
159 197 201 262 48
281 212 503 272 QUINTILIAM
525 212 614 261 mec.
639 212 696 261 oe.
720 212 755 260 x.
780 206 999 278 c.7‚31-ce.
1105 196 1108 201 '

162 365 289 428 brevem
317 363 558 428 adnotationem
583 363 779 446 libellosque,
807 363 861 446 qui
883 362 934 427 vel
955 384 1055 427 mono
1074 366 1126 428 te·

110 451 300 518 32neantur
322 450 355 511 et
377 447 417 511 cd
438 469 517 532 quos
545 448 675 512 interim
696 447 854 530 respicere
875 447 925 511 foe
948 448 1001 511 sit.
1030 444 1121 532 illud,

161 532 245 629 quod
266 532 391 630 Leonas
413 533 586 616 praecipit,
615 531 761 628 displicet
787 529 882 613 mihi,
910 531 945 627 io
967 531 1018 595 his
1040 552 1124 615 quoe

161 616 1123 847 {dlldtfflttmdttdllllnltldldt

185 805 240 848 aec
267 785 338 868 ipse
359 785 476 849 fiducia
497 788 530 848 et
551 784 673 849 laceret
694 805 732 848 eo
753 783 910 848 deformet
930 784 1121 848 orationem.

162 889 222 952 ego
245 872 351 933 autem
372 891 421 947 ne?
436 868 638 933 scribendum
657 868 784 952 quidem
805 871 893 952 puto,
916 868 999 952 quod
1021 868 1123 932 simus

162 952 314 1016 memorie
341 954 552 1036 persecuturi:
588 974 665 1016 nam
691 952 744 1016 hic
771 973 895 1036 quoque
923 951 1054 1035 eccidit,
1083 954 1123 1017 ut

162 1039 291 1101 revocet
318 1058 376 1100 nos
405 1037 559 1121 cogitatio
592 1037 631 1100 ad
659 1035 715 1100 illa
747 1036 911 1100 elaborata
943 1057 1003 1100 nec
1035 1036 1123 1101 sinet

112 1125 154 1190 33
162 1122 364 1204 praesentem
399 1120 563 1185 fortunam
595 1119 742 1204 experiri.
801 1119 847 1184 sic
884 1140 1002 1204 anceps
1033 1120 1123 1184 inter

162 1208 330 1288 utrumque
358 1205 482 1269 animus
510 1208 651 1288 aestuat,
682 1225 753 1269 cum
781 1207 813 1267 et
839 1204 959 1288 scripta
980 1204 1122 1288 perdidit

164 1293 196 1351 et
222 1309 288 1352 non
317 1292 441 1374 quaerit
467 1310 559 1354 nove.
612 1288 667 1353 sed
693 1289 732 1352 de
760 1288 912 1352 memorio
939 1287 1121 1352 destinatus

163 1376 212 1435 est
225 1372 307 1436 libro
329 1374 472 1456 proximo
494 1373 581 1438 locus
595 1393 656 1438 nec
670 1372 746 1436 huic
790 1373 852 1436 orti
867 1372 1120 1458 subiungendus,

162 1457 236 1541 quia
258 1459 334 1521 sunt
355 1458 417 1522 olio
439 1457 527 1541 prius
548 1458 642 1522 nobis
663 1394 788 1522 dioendp
799 1502 808 1521 .
