2400 3946
426 199 460 246 x.
507 203 533 245 e.
550 194 581 266 1,
611 194 741 247 11-11.
1026 185 1067 250 47

105 347 228 413 excitat
256 351 416 413 oratorem
449 352 482 413 11
513 349 688 415 iactatione
719 372 848 431 manus,
879 351 969 434 pedis
996 373 1068 436 sup·

105 431 266 516 plosione,
295 433 379 497 sicut
405 433 506 497 cauda
532 432 640 498 leones
667 434 774 499 facere
801 435 967 520 dicuntur,
996 434 1068 500 hor·

104 517 204 580 tatur.
255 518 448 581 studendum
474 538 550 582 vero
577 539 703 602 semper
729 522 762 583 et
788 519 914 603 ubique.
965 519 1117 603 neque27

106 599 192 665 enim
213 599 282 664 fere
303 604 371 665 tam
394 604 443 665 est
463 601 547 665 ullus
569 602 636 665 dies
658 606 842 686 occupatus,
866 606 903 667 ut
923 603 1007 667 nihil
1021 605 1067 667 lu-

15 764 17 769 ,
43 761 44 765 ¹
107 684 259 766 crativae,
283 688 320 749 ut
339 684 450 751 Cicero
472 684 608 751 Brutum
629 686 736 752 facere
756 688 866 770 tradit,
890 708 1005 771 operae
1027 688 1067 751 ad

106 768 310 833 scribendum
325 773 381 833 aut
401 770 574 854 legendum
595 772 651 833 aut
672 770 839 835 dicendum
862 772 933 854 rapi
960 771 1067 854 aliquo

104 855 267 916 momento
288 853 442 938 temporis
463 854 579 937 possit:
606 854 763 938 siquidem
785 854 820 921 O.
844 854 948 921 Carbo
970 857 1067 919 etiam

105 936 141 1000 11
161 936 370 1001 tabernaculo
391 938 515 1001 solebat
535 938 596 1002 hac
617 939 666 1001 uti
681 939 907 1004 exercitatione
928 939 1065 1003 dicendi.

105 1041 147 1084 ne
173 1020 207 1084 id
235 1021 362 1104 quidem
388 1022 559 1085 tacendum
587 1026 651 1105 est,
682 1023 766 1107 quod
795 1023 897 1086 eidem
919 1022 1066 1088 Ciceroni
1075 1024 1116 1089 28

105 1104 229 1188 placet,
257 1104 381 1169 nullum
407 1109 552 1170 nostrum
580 1127 714 1190 usquam
742 1107 969 1192 neglegentem
999 1129 1066 1172 esse

106 1209 300 1255 sermonemz
335 1189 489 1273 quidquid
517 1189 683 1274 loquemur
710 1191 915 1275 ubicumque,
945 1191 988 1256 sit
1008 1213 1067 1274 pro

106 1294 164 1336 sua
190 1272 313 1338 scilicet
338 1274 487 1357 portione
514 1274 701 1357 perfectum.
752 1275 953 1339 scribendum
982 1279 1066 1339 certe

105 1377 280 1441 numquam
302 1362 352 1422 est
371 1357 491 1454 magis,
521 1380 616 1442 quam
643 1379 714 1423 cum
736 1358 838 1423 multa
862 1359 1002 1423 dicemus
1027 1381 1066 1423 ex

105 1444 259 1524 tempore.
311 1442 357 1505 ita
385 1463 471 1505 11111
492 1443 672 1506 servabitur
699 1443 824 1525 pondus
852 1446 885 1507 et
911 1442 1065 1508 innatans

104 1524 162 1588 illa
186 1525 355 1589 verborum
376 1525 518 1589 facilitas
540 1527 575 1589 in
597 1526 696 1590 altum
716 1527 894 1609 reducetur,
918 1527 1066 1591 11111111-

106 1608 179 1672 stici
194 1610 358 1691 proximas
380 1610 454 1673 vitis
469 1610 592 1674 radices
613 1613 792 1693 amputant,
817 1632 898 1696 quae
919 1610 1008 1674 illam
1030 1612 1065 1674 in

105 1713 264 1757 summum
296 1694 398 1757 solum
429 1693 567 1777 ducunt,
598 1698 635 1758 ut
665 1694 833 1758 inferiores
862 1695 990 1778 penitus
1012 1695 1064 1758 de-

105 1776 288 1840 scendendo
310 1777 487 1841 firmentur.
532 1778 700 1842 11111111
723 1800 766 1841 an
787 1781 970 1862 utrumque,
993 1778 1115 1842 111129

107 1881 183 1924 cura
208 1864 241 1925 et
269 1861 374 1926 studio
401 1860 586 1943 fecerimus,
615 1862 753 1926 invicem
781 1862 898 1945 prosit,
926 1866 963 1926 ut
989 1865 1065 1926 seri-

104 1944 210 2009 111111
237 1945 380 2009 dicamus
409 1946 610 2029 diligentius,
645 1945 778 2010 dicendo
811 1946 986 2010 scribamus
1015 1947 1065 2010 fa·

107 2028 209 2092 cilius.
255 2029 458 2093 scribendum
479 2051 566 2114 ergo,
589 2030 735 2112 quotiens
757 2030 877 2108 licebit,
902 2029 929 2093 si
950 2030 983 2093 id
998 2052 1065 2094 non

105 2112 242 2195 dabitur,
255 2114 475 2198 cogitandum:
492 2114 532 2177 ab
543 2116 678 2197 utroque
693 2113 812 2177 exclusi
827 2114 945 2176 debent
954 2116 1065 2178 tamen

103 2197 138 2260 id
160 2196 305 2279 efficere,
328 2201 365 2261 ut
385 2219 488 2281 neque
511 2199 684 2280 deprensus
707 2201 814 2261 orator
835 2219 937 2280 neque
958 2197 1064 2282 litiga·

104 2283 157 2344 tor
179 2282 350 2346 destitutus
373 2303 441 2345 esse
462 2282 618 2345 videatur.

167 2364 359 2450 Plerumque
386 2368 492 2429 autem
523 2364 624 2429 multa
658 2364 827 2462 agentibus
862 2364 992 2448 accidit,
1028 2363 1115 2430 ut30

103 2448 242 2514 maxime
263 2450 442 2514 necessaria
464 2453 497 2514 et
518 2450 627 2532 utique
649 2448 742 2512 initia
771 2448 930 2529 scribant,
960 2451 1065 2513 cetera

104 2553 186 2616 quae
214 2534 307 2598 domo
329 2534 479 2597 adferunt
501 2534 695 2617 cogitatione
719 2532 986 2615 complectantur,
1015 2555 1066 2596 su-

103 2616 181 2681 bitis
203 2638 242 2681 ex
263 2621 407 2702 tempore
429 2620 613 2681 occurrant:
637 2617 720 2699 quod
734 2616 848 2680 fecisse
864 2616 908 2680 M.
925 2616 1065 2680 Tullium

105 2702 344 2766 commentariis
371 2701 471 2785 ipsius
494 2704 637 2785 apparet.
681 2700 736 2763 sed
762 2699 911 2764 feruntur
932 2701 1065 2765 aliorum

104 2806 229 2869 quoque
252 2788 285 2849 et
305 2786 430 2849 inventi
444 2785 537 2868 forte,
562 2789 596 2848 ut
610 2805 663 2848 eos
679 2784 819 2848 dicturus
835 2784 967 2868 quisque
983 2806 1066 2848 com·

104 2873 263 2952 posuerat,
287 2873 320 2933 et
341 2870 376 2933 in
397 2869 496 2934 libros
517 2869 645 2953 digesti,
662 2871 699 2931 ut
714 2889 879 2931 causarum
894 2889 974 2950 quae
989 2872 1066 2932 sunt

105 2956 197 3018 actae
219 2975 238 3017 1
260 2953 369 3019 Servio
385 2953 535 3037 sulpicio,
560 2954 648 3017 cuius
672 2954 737 3015 tres
758 2952 919 3016 orationes
934 2956 1064 3018 extant:

104 3037 159 3101 sed
175 3037 209 3101 hi
225 3037 392 3122 dequibus
413 3036 525 3122 loquor
547 3035 769 3101 commentarii
791 3036 838 3099 ita
858 3038 934 3100 sunt
949 3038 1064 3120 exacti,

104 3124 142 3185 ut
163 3122 204 3186 ab
226 3122 296 3205 ipso
317 3122 397 3186 mihi
418 3123 453 3185 in
475 3122 662 3185 memoriam
684 3120 881 3203 posteritatis
896 3119 1065 3185 videantur

106 3226 174 3269 esse
205 3205 381 3289 compositi.
432 3227 509 3269 nam
537 3204 699 3270 Ciceronis
728 3205 946 3287 adpraesens
972 3200 1114 3268 11111131

104 3293 231 3374 tempus
261 3292 387 3373 aptatos
415 3289 548 3354 libertus
575 3289 650 3353 Tiro
680 3288 854 3353 contraxit:
891 3309 969 3371 quos
998 3309 1065 3352 non

105 3372 175 3438 ideo
198 3395 328 3458 excuso,
361 3375 436 3457 quia
463 3395 530 3437 non
557 3375 705 3457 probem,
734 3373 789 3437 sed
816 3375 852 3435 ut
874 3372 939 3435 sint
960 3373 1065 3457 magis

105 3457 318 3522 admirabiles.
369 3459 404 3522 in.
436 3456 497 3522 hoc
524 3479 640 3542 genere
672 3479 801 3542 prorsus
828 3456 948 3540 recipio
979 3455 1065 3521 hanc
