2400 3984
171 113 215 178 24
443 126 660 187 Qumummnr
681 126 771 176 msa.
794 127 851 177 oa.

171 280 207 343 in
229 279 389 362 Epicuriis
410 278 489 343 levis
512 279 654 361 quidem,
690 279 837 343 sednon
865 279 1056 344 iniucundus
1078 282 1132 345 ta·

94 375 159 440 125
171 385 246 427 men
267 366 379 427 auctor
401 366 449 427 est
464 361 613 428 Catius.
643 383 682 426 ex
702 362 860 426 industria
882 362 1071 428 Senecam
1092 365 1131 429 in

169 447 256 594 aa
280 467 403 594 aa
424 445 636 612 taam
652 444 1133 612 ..litterature

613 577 622 610 7
1120 571 1133 580 .

168 615 273 678 visum
322 634 424 696 noque
453 613 571 676 habere
598 633 668 676 sum
696 612 845 676 creditas.
900 614 985 695 quod
1012 615 1135 679 accidit

168 697 266 779 mihi,
301 634 375 760 dum
408 699 591 780 corruptum
625 699 658 759 et
690 696 836 759 omnibus
869 697 956 760 vitiis
988 697 1133 763 fractum

170 780 297 844 dicendi
329 801 431 864 genus
464 799 615 844 revocare
648 779 688 844 ad
721 781 880 844 severiora
907 780 1026 845 iudicia
1055 802 1133 846 con-

168 864 282 928 tendo:
317 866 387 928 tum
415 867 522 928 autem
551 864 635 927 solus
661 863 715 928 hic
735 863 804 928 fere
824 865 861 928 in
882 865 1031 928 manibus
1053 865 1131 930 adu·

96 948 358 1024 1261escentiam
379 947 454 1012 fuit.
483 969 576 1031 quem
597 968 664 1011 non
685 948 829 1031 equidem
843 949 973 1012 omnino
989 949 1135 1013 conabar

172 1035 328 1114 excutere,
353 1031 407 1095 sed
429 1031 605 1115 potioribus
619 1031 774 1115 praeferri
791 1053 857 1096 non
871 1032 1026 1115 sinebam,
1050 1054 1135 1117 quos

170 1116 225 1179 ille
239 1136 307 1180 non
322 1115 490 1179 destiterat
504 1116 671 1197 incessere,
687 1136 758 1179 cum
774 1114 890 1180 diversi
905 1116 967 1180 sibi
983 1117 1132 1181 conscius

171 1200 299 1283 generis
320 1200 447 1282 placere
474 1220 508 1262 se
529 1199 565 1262 in
586 1198 719 1262 dicendo
740 1220 833 1282 posse
854 1200 910 1283 iis,
945 1200 1059 1284 quibus
1080 1200 1131 1265 illi

169 1283 344 1366 placerent,
356 1283 524 1347 diffideret.
547 1283 701 1346 amabant
712 1287 818 1346 autem
833 1304 905 1346 eum
918 1285 1023 1368 magis
1034 1305 1132 1366 quam

169 1366 381 1432 imitabantur
402 1369 591 1450 tantumque
620 1366 661 1430 ab
689 1387 725 1431 eo
748 1366 943 1450 defluebant,
973 1372 1132 1449 quantum

169 1451 224 1516 ille
246 1451 287 1515 ab
316 1452 455 1535 antiquis
477 1449 695 1515 descenderat.
725 1449 810 1514 forat
832 1451 917 1513 enirn
940 1451 1130 1534 optandum,

96 1546 157 1610 127
171 1557 263 1619 pares
286 1556 324 1598 ac
346 1535 460 1599 saltem
480 1534 640 1618 proximos
661 1533 711 1597 illi
732 1535 800 1597 viro
821 1533 901 1598 fieri.
945 1535 1000 1598 sed
1022 1535 1131 1618 place-

170 1620 228 1683 bat
248 1621 380 1703 proptcr
402 1619 470 1683 sola
490 1618 570 1683 vitia
592 1620 625 1681 et
647 1617 687 1681 ad
709 1639 746 1682 ea
767 1639 801 1682 se
822 1618 954 1702 quisque
969 1617 1133 1702 dirigebat

169 1702 369 1788 effingenda,
404 1725 485 1788 quae
511 1704 653 1786 poterat:
690 1702 804 1766 deinde
832 1723 904 1766 oum
933 1724 966 1767 se
992 1705 1133 1767 iactaret

96 1804 157 1868 128
170 1789 278 1852 eodem
299 1787 392 1851 modo
415 1787 535 1868 dicere,
567 1784 722 1850 Senecam
747 1785 935 1851 infamabat.
981 1786 1069 1850 cuius
1097 1791 1135 1851 et

169 1871 288 1934 multae
310 1870 428 1953 alioqui
448 1872 481 1933 at
495 1889 633 1952 magnae
648 1869 780 1933 virtutes
795 1869 937 1953 fuerunt,
960 1869 1131 1954 ingenium

168 1955 264 2018 facilc
294 1956 327 2017 et
354 1953 530 2036 copiosum,
557 1951 730 2033 plurimum
751 1951 863 2036 studii,
892 1953 995 2017 multa
1022 1974 1130 2018 rerum

170 2037 327 2122 cognitio,
362 2036 397 2100 in
424 2056 486 2118 qua
511 2038 621 2097 tamen
648 2034 819 2118 aliquando
846 2037 886 2100 ab
913 2035 979 2118 his,
1012 2037 1132 2118 quibus

97 2129 158 2194 129
168 2120 359 2205 inquirenda
373 2118 529 2202 quaedam
543 2118 733 2200 mandabat,
749 2119 900 2201 deceptus
915 2123 973 2182 est.
1009 2122 1130 2184 tracta-

170 2206 218 2270 vit
239 2204 336 2269 etiam
359 2224 485 2267 omnem
505 2202 573 2266 fere
596 2202 771 2266 studiorum
792 2202 974 2265 materiam:
996 2224 1073 2265 nam
1096 2210 1132 2270 et

168 2289 328 2354 orationes
351 2288 417 2351 eius
440 2290 473 2350 et
492 2288 641 2370 poemata
663 2289 696 2350 et
717 2285 872 2369 epistulae
894 2289 927 2350 et
949 2285 1068 2370 dialogi
1082 2287 1129 2352 fe-

168 2375 293 2437 runtur.
348 2372 383 2435 in
414 2369 616 2454 philosophia
648 2391 761 2454 parum
789 2369 942 2454 diligens,
978 2371 1130 2454 egregius

166 2460 278 2520 tamen
305 2455 456 2519 vitiorum
485 2455 660 2518 insectator
684 2454 757 2519 fuit.
807 2454 926 2518 multae
948 2454 984 2518 in
1006 2476 1042 2518 co
1065 2454 1129 2518 ela·

167 2537 1127 2706 tlt?{diritatitliatt⁰tffl.ttt².lgtll

95 2715 159 2780 130
167 2643 372 2788 diosissimaq
378 2706 462 2790 quod
483 2643 650 2770 abunddnt
663 2642 808 2769 dulcitius
822 2705 918 2770 vitiis.
942 2645 1042 2770 veiled
1055 2727 1128 2770 eum

168 2811 225 2856 suo
258 2790 391 2875 ingenio
426 2789 558 2873 dixisse,
598 2789 703 2853 alieno
736 2788 867 2854 iudicio:
902 2811 978 2853 nam
1011 2790 1039 2854 si
1071 2789 1129 2854 ille

167 2876 325 2958 quaedam
347 2873 606 2958 contempsisset,
634 2875 662 2937 si
684 2894 798 2957 parum
818 2894 896 2938 sona
917 2893 984 2936 non
1013 2894 1127 2937 concu-

167 2960 278 3043 pisset,
302 2959 418 3022 sinon
439 2958 547 3022 omnia
569 2979 626 3021 aua
648 2961 795 3039 amasset,
816 2957 843 3019 si
865 2977 969 3020 rerum
984 2958 1128 3040 pondera

167 3041 390 3107 minutissimis
404 3042 573 3105 sententiis
587 3061 654 3105 non
668 3039 828 3125 fregisset,
849 3061 1005 3106 consensu
1019 3042 1127 3125 potius

168 3125 363 3191 eruditorum
389 3145 485 3208 quam
510 3145 682 3206 puerorum
714 3144 820 3188 amore
853 3125 1125 3210 comprobaretur.

93 3212 154 3276 131
168 3232 276 3275 verum
299 3209 345 3272 sic
366 3228 490 3291 quoque
510 3210 576 3271 iam
596 3207 735 3273 robustis
763 3211 796 3272 et
823 3208 979 3273 severiore
1006 3229 1125 3292 genere

167 3296 247 3359 satis
262 3292 395 3357 firmatis
417 3290 572 3375 legendus
595 3292 643 3356 vel
655 3292 736 3376 ideo,
760 3293 843 3376 quod
858 3313 1002 3358 exercere
1016 3295 1125 3438 potest

168 3383 339 3461 utcumque
360 3375 524 3440 iudicium.
567 3375 669 3440 multa
689 3376 785 3461 enim,
807 3379 845 3441 ut
859 3376 935 3461 dixi,
957 3395 1015 3460 pro
1038 3375 1123 3439 anda

31 3720 455 3876 ..n
