2400 3984
150 208 191 273 38
425 221 643 282 1111111111
665 222 754 272 uusr.
778 223 835 271 on.

150 373 365 439 numerabiles
387 376 463 437 sunt
484 374 570 437 modi
591 373 809 458 plurimaeque
832 374 942 438 eodem
962 375 1034 441 viae
1055 377 1114 442 du·

121 462 240 526 deant.
278 480 335 522 sua
356 458 506 522 brevitati
527 458 644 542 gratia,
668 479 726 522 sua
748 457 869 541 copiae,
892 459 957 523 alia
972 460 1113 527 transla-

149 544 192 607 tis
206 543 318 625 virtus,
343 541 406 606 alia
420 543 568 626 propriis,
591 541 769 607 honoratio
790 545 889 625 recta,
910 543 991 608 illud
1004 544 1113 631 figora

150 627 311 691 declinata
342 626 552 691 commendat.
598 627 669 710 ipsa
697 625 833 709 denique
861 625 1034 693 utilissima
1062 633 1113 695 est

150 711 372 776 exercitationi
394 709 575 774 difficultas.
613 709 788 795 quidquod
810 714 955 776 auctores
977 713 1112 778 maximi

149 796 196 861 sic
218 788 404 879 diligentius
427 793 687 878 cognoscuntur?
708 816 775 859 non
797 795 883 858 enim
904 795 1027 880 scripta
1047 797 1112 863 lec·

148 879 237 944 tione
252 900 364 943 secura
385 879 643 961 transcurrimus,
665 878 720 943 sed
741 881 917 943 tractamus
932 879 1063 965 singula
1077 885 1112 947 et

148 963 328 1028 necessario
340 962 576 1045 introspicimus
589 964 631 1044 et,
645 964 800 1045 quantum
814 962 942 1027 virtutis
956 962 1110 1050 habeant,

147 1047 199 1111 vel
224 1047 286 1111 hoo
308 1046 378 1130 ipsc
405 1046 643 1132 cognoscimus,
671 1046 754 1129 quod
769 1046 887 1111 imitari
910 1068 976 1113 non
997 1070 1110 1133 possu-

148 1152 229 1195 mus.

119 1217 140 1282 9
211 1213 280 1279 Nec
308 1214 413 1279 aliena
434 1216 562 1278 tantum
583 1213 777 1298 transferre,
801 1215 975 1279 sedetiam
997 1220 1112 1284 nostra

148 1298 292 1382 pluribus
320 1298 422 1362 modis
449 1302 591 1362 tractare
643 1297 777 1381 roderit,
811 1301 847 1362 ut
879 1320 918 1363 ex
948 1299 1112 1366 industria

149 1404 309 1447 sumamus
331 1383 507 1447 sententias
530 1320 683 1466 quasdpam
705 1403 820 1465 easque
837 1403 996 1447 versemus
1011 1405 1111 1469 quam

148 1467 416 1550 numerosissime,
439 1467 526 1530 velut
548 1466 659 1530 eadem
680 1487 753 1530 cera
774 1466 856 1530 aliae
878 1468 1021 1551 aliaeque
1041 1469 1110 1533 lor·

100 1553 140 1617 10
149 1572 220 1614 mae
242 1551 315 1614 duci
335 1549 451 1614 solent.
494 1550 667 1633 plurimum
687 1553 794 1614 autem
815 1552 923 1634 parari
943 1551 1110 1619 facultatis

149 1634 295 1699 existimo
319 1655 358 1697 ex
379 1633 616 1718 simplicissima
637 1655 761 1718 quaque
783 1635 929 1700 materia.
959 1656 1036 1700 nam
1050 1636 1110 1702 illa

63 1716 69 1726 “
147 1716 319 1801 multiplici
347 1739 569 1802 personarum,
593 1739 774 1800 causarum,
805 1722 1001 1803 temporum,
1023 1720 1110 1786 loco·

148 1824 229 1885 rum,
253 1801 418 1884 dictorum,
439 1801 598 1867 factorum
620 1802 803 1866 diversitate
825 1802 921 1867 facile
942 1802 1110 1871 delitescet

148 1885 331 1968 infirmitas,
354 1889 403 1950 tot
425 1906 459 1949 se
481 1886 620 1969 undique
641 1886 746 1969 rebus,
770 1907 809 1949 ex
831 1887 944 1970 quibus
967 1888 1110 1972 aliquam

99 1967 386 2052 lladprehendas‚
422 1969 638 2033 offerentibus
691 1969 771 2033 illud
798 1970 927 2036 virtutis
953 1972 1109 2038 indicium

148 2057 207 2135 cst,
245 2052 379 2116 fundere
412 2074 492 2136 quae
523 2056 639 2116 natura
672 2056 838 2118 contracta
865 2058 956 2140 sunt,
987 2077 1107 2140 augere

172 2158 264 2219 arva,
297 2136 486 2200 varietatem
518 2136 689 2221 similibus,
723 2138 919 2221 voluptatem
951 2141 1106 2224 expositis

147 2159 222 2284 dare
250 2222 283 2283 et
304 2220 385 2284 bene
407 2220 511 2285 dicere
532 2221 634 2285 multa
656 2222 694 2286 de
716 2222 836 2304 paucis.

209 2303 249 2367 In
264 2302 325 2367 hoc
343 2305 462 2388 optime
482 2304 604 2369 facient
624 2306 771 2369 infinitae
791 2307 1003 2390 quaestiones,
1026 2330 1106 2392 quas

148 2388 256 2451 vocari
270 2386 371 2452 thesis
386 2389 532 2471 diximus,
555 2389 669 2473 quibus
684 2388 794 2454 Cicero
816 2390 881 2454 iam
902 2390 1052 2476 princeps
1067 2393 1105 2457 in

97 2473 137 2538 12
145 2492 180 2534 re
195 2471 322 2554 publica
338 2475 478 2536 exerceri
493 2473 625 2537 solebat.
654 2472 704 2538 his
722 2474 856 2538 confinis
871 2477 921 2538 est
931 2475 1106 2541 destructio

147 2558 179 2618 et
201 2555 399 2620 confirmatio
421 2556 664 2620 sententiarum.
708 2577 785 2621 nam
812 2579 883 2622 cum
910 2560 953 2623 sit
974 2562 1103 2625 senten-

143 2639 190 2702 tia
218 2637 380 2703 decretum
401 2640 559 2724 quoddam
581 2644 677 2724 atque
703 2644 924 2726 praeceptum,
953 2643 1037 2726 quod
1065 2643 1105 2709 de

143 2743 195 2806 re,
224 2721 310 2787 idem
338 2722 376 2787 de
403 2723 520 2787 iudicio
547 2725 594 2788 rei
627 2724 737 2807 quaeri
769 2729 886 2809 potest.
940 2729 1009 2791 tum
1041 2727 1104 2792 loci

145 2827 339 2903 communes,
364 2827 442 2890 quos
464 2808 561 2872 etiam
575 2808 710 2893 scriptos
725 2808 767 2905 ab
782 2810 959 2874 oratoribus
973 2812 1102 2877 scimus.

144 2912 297 3038 {stult
318 2891 1103 3062 ltttdttdtt,transtulistis

93 3141 132 3206 13
142 3059 537 3227 {matidii-llll
535 3081 554 3183 ·⁵
565 3060 798 3208 ffiellln
789 3061 1102 3231 &stlattas

141 3224 299 3289 stionibus
332 3229 492 3291 constant.
544 3249 620 3291 nam
649 3228 725 3312 quid
752 3227 888 3294 interest
917 3231 1101 3297 ‘Cornelius

141 3308 422 3392 tribunusplebis,
446 3311 528 3394 quod
551 3312 691 3376 codicem
708 3310 838 3398 legerit,
866 3335 938 3378 reus
959 3314 1029 3397 sit',
1057 3338 1100 3381 an

140 3413 344 3476 quaeramus:
368 3394 561 3459 ‘violeturne
582 3396 747 3478 maiestas,
771 3396 800 3460 si
819 3418 872 3461 ma
899 3398 1028 3463 'tratus
1049 3420 1099 3464 ro·

140 3477 304 3560 gationem
318 3498 408 3543 suam
422 3479 540 3563 populo
555 3480 623 3565 ipse
637 3479 820 3545 recitaritl’
844 3486 854 3516 ³
899 3482 939 3548 'lo
954 3481 1099 3549 Clodium
