2400 3984
445 222 480 269 r.
506 226 533 269 c.
549 218 576 287 2,
594 216 708 271 1-11.
1051 204 1093 272 27

96 371 574 520 iligeliidl'tuinvidiii'adisis
587 372 729 469 facilitas
757 376 790 438 01
816 374 969 522 qqidquid
987 377 1110 522 tqrtc13

97 478 370 605 dunorationibus
403 477 883 626 exqerpperplque,uqurqfiqqosa
905 479 1059 624 qpqupsrp

95 625 197 688 tionis
220 626 323 688 certos
345 624 452 707 pedes,
475 625 556 688 mire
578 646 597 688 a
618 646 652 689 se
674 647 755 709 quae
776 625 925 710 legerunt
946 626 1060 711 effingi

96 708 309 790 arbitrantur,
335 704 394 793 [ct]
419 729 491 772 cum
513 709 610 773 verba
629 710 825 774 intercidant
846 710 1059 775 invalescant·

96 813 160 875 que
181 791 388 875 temporibus,
411 794 449 856 ut
469 814 604 876 quorum
626 793 804 857 certissima
825 794 868 856 sit
889 793 1002 878 regula
1023 795 1059 858 iu

97 875 345 958 consuetudine,
376 897 475 960 eaque
500 898 566 940 non
591 898 649 941 sua
670 881 787 941 natura
809 877 875 942 sint
896 878 982 941 bona
1003 881 1060 942 aut

95 959 184 1024 mala
216 963 304 1041 (nam
338 980 396 1043 per
430 981 463 1024 se
491 961 561 1025 soni
589 963 717 1025 tantum
745 963 849 1045 sunt),
882 960 938 1025 sed
964 966 1060 1044 prout

95 1045 277 1127 opportune
299 1044 489 1127 proprieque
512 1047 568 1108 aut
595 1065 684 1109 secus
715 1045 881 1109 conlocata
907 1049 998 1128 sunt,
1028 1050 1061 1109 et

96 1128 284 1211 compositio
313 1149 385 1192 cum
411 1128 506 1192 rebus
532 1130 772 1197 accommodata
801 1131 866 1211 est,
900 1133 968 1193 tum
989 1130 1060 1213 ipsa

95 1213 254 1277 varietate
274 1212 469 1296 gratissima.

162 1296 361 1379 Quapropter
376 1296 576 1360 exactissimo
588 1297 705 1362 iudicio
721 1297 806 1362 circa
828 1295 913 1382 hanc
934 1300 1059 1380 partem
1069 1303 1109 1366 14

94 1380 274 1446 studiorum
296 1379 509 1444 examinanda
538 1383 614 1444 sunt
636 1381 753 1444 omnia.
798 1381 952 1464 primum,
982 1403 1059 1464 quos

94 1465 275 1529 imitemur:
298 1486 374 1528 nam
397 1468 473 1528 sunt
494 1464 633 1547 plurimi,
657 1466 709 1548 qui
727 1465 966 1530 similitudinem
989 1487 1060 1548 pes·

95 1549 171 1646 simi
193 1548 343 1632 cuiusque
363 1551 396 1612 et
416 1549 648 1645 corruptissimi
670 1550 906 1645 concupierint:
933 1552 1002 1612 tum
1024 1550 1059 1614 in

93 1632 797 1800 allambebat?>stillat
807 1633 1109 1811 11111011ἰῖ11

94 1802 186 1864 ribus
207 1799 358 1863 incidunt
380 1799 486 1883 aliqua
508 1799 621 1863 vitiosa
644 1803 676 1863 et
704 1821 722 1862 a
745 1800 846 1863 doctis
867 1799 952 1863 inter
973 1799 1059 1882 ipsos

95 1884 197 1950 etiam
225 1886 336 1949 mutuo
364 1882 572 1966 reprehensa:
605 1887 701 1966 atque
727 1883 853 1947 utinam
881 1887 947 1946 tam
974 1884 1059 1956 bona

93 1969 262 2034 imitantes
291 1966 434 2031 dicerent
459 1967 573 2033 melius
600 1989 696 2052 quam
716 1967 802 2031 mala
823 1967 914 2051 peius
936 1967 1057 2032 dicunt.

94 2074 159 2118 nec
173 2073 248 2117 vero
263 2051 377 2116 saltem
399 2051 449 2133 iis,
473 2051 587 2135 quibus
609 2052 649 2115 ad
671 2052 821 2116 evitanda
843 2051 922 2115 vitia
949 2051 1059 2116 iudicii

95 2137 177 2202 satis
205 2135 283 2218 fuit,
318 2135 459 2199 sufficiat
485 2136 660 2220 imaginem
689 2135 816 2200 virtutis
844 2135 998 2219 effingere
1026 2139 1059 2199 et

94 2221 208 2302 solam,
238 2222 275 2284 ut
296 2219 343 2284 ita
370 2219 520 2302 dixerim,
550 2223 654 2284 cutem
676 2221 726 2284 vel
753 2219 859 2303 potius
880 2219 953 2282 illas
979 2220 1058 2302 Epi·

94 2305 167 2370 curi
180 2304 311 2388 figuras,
334 2325 413 2387 quas
436 2325 453 2368 e
475 2305 606 2368 summis
623 2304 807 2388 corporibus
822 2302 901 2367 dicit
916 2302 1055 2367 effluere.

93 2390 158 2454 hoe
180 2392 286 2452 autem
308 2387 359 2451 his
381 2388 508 2470 accidit,
540 2388 594 2471 qui
615 2410 681 2453 non
702 2387 907 2470 introspectis
930 2387 1058 2469 penitus
1069 2389 1107 2452 16

93 2472 271 2536 virtutibus
300 2472 340 2534 ad
367 2471 505 2555 primum
532 2493 566 2536 se
595 2473 682 2536 velut
713 2477 877 2554 aspectum
904 2471 1057 2535 orationis

92 2558 267 2640 aptarunt:
291 2558 324 2619 01
347 2576 418 2618 cum
440 2556 480 2620 iis
501 2555 685 2620 felicissime
709 2555 805 2619 cessit
818 2554 966 2636 imitatio,
990 2576 1058 2619 ver·

92 2641 146 2704 bis
168 2642 264 2735 atquc
285 2641 426 2703 numeris
449 2643 524 2704 sunt
546 2662 612 2704 non
626 2639 762 2703 multum
778 2638 970 2720 differentes,
993 2639 1058 2702 vim

92 2722 557 2807 dicend1atqueiuventionis
584 2745 650 2788 non
678 2723 886 2804 adsecuntur,
917 2723 972 2786 sed
992 2721 1058 2805 ple·

93 2828 229 2891 rumque
244 2806 410 2871 declinent
430 2808 466 2872 in
481 2809 570 2891 peius
586 2812 618 2872 01
632 2808 777 2891 proxima
792 2807 964 2870 virtutibus
980 2806 1058 2870 vitia

95 2890 372 2975 comprehendunt
385 2891 529 2975 fiuntque
545 2912 603 2975 pro
625 2890 801 2975 grandibus
823 2889 948 2971 tumidi,
972 2910 1057 2972 pres·

96 2974 142 3040 sis
165 2975 271 3058 exiles,
293 2975 431 3040 fortibus
452 2974 623 3058 temerarii,
646 2975 739 3039 laetis
756 2974 908 3058 corrupti,
932 2995 1075 3057 compo--

94 3058 169 3123 sitis
197 3059 393 3142 exultantes,
430 3058 628 3142 simplicibus
655 3059 876 3142 neglegentes.
924 3058 1107 3142 ideoquell

116 3143 151 3207 ui
176 3143 302 3207 horride
330 3149 426 3228 atque
448 3143 658 3226 incomposite
680 3143 836 3226 quidlibet
861 3142 940 3207 illud
966 3143 1058 3226 frigi-

92 3165 172 3292 dum
193 3231 226 3291 et
246 3229 343 3292 inane
366 3227 559 3310 extulerunt,
584 3226 724 3310 antiquis
740 3248 774 3291 se
796 3249 889 3310 pares
912 3227 1055 3304 credunt,

91 3311 148 3396 qui
178 3315 289 3375 carent
322 3312 411 3376 cultu
445 3315 539 3395 atque
572 3311 757 3394 sententiis,
791 3311 895 3375 Attici
923 3311 1056 3390 scilicet,

91 3394 150 3481 qui
170 3394 324 3479 praecisis
352 3394 608 3460 conclusionibus
630 3395 773 3476 obscuri,
802 3395 988 3460 Sallustium
1010 3396 1058 3456 at·

92 3500 157 3564 que
177 3478 396 3563 Thucydidem
419 3482 588 3563 superant,
616 3479 725 3544 tristes
753 3501 791 3543 ac
818 3478 918 3543 ieiuni
940 3477 1058 3540 Pollio-
