2400 3984
442 205 477 252 x.
502 209 528 251 c.
546 200 571 263 3,
588 199 713 251 12-23.
867 208 870 214 ’
1016 186 1057 250 33

96 358 183 421 nunt
204 376 286 440 quae
308 354 499 420 effuderant:
522 354 577 418 sed
600 354 695 418 verba
717 354 928 419 emendantur
950 355 983 418 et
997 375 1054 416 nu·

97 440 192 521 meri,
223 442 332 502 manet
360 440 394 502 in
420 440 515 503 rebus
542 442 661 503 temere
695 438 856 522 congestis
882 459 963 522 quae
992 437 1055 500 fuit

96 524 221 587 levitas.
272 522 418 606 protinus
446 544 522 607 ergo
544 522 694 587 adhibere
718 543 826 586 curam
854 523 972 586 rectius
995 522 1056 586 erit
1068 529 1108 594 18

96 610 193 691 atque
216 607 256 671 ab
278 607 372 670 initio
393 607 440 671 sic
460 628 539 689 opus
560 606 685 688 ducere,
714 609 749 669 ut
765 604 962 688 caelandum,
991 626 1057 670 non

96 713 135 754 ex
158 692 287 775 integro
308 689 532 754 fabricandum
547 690 600 754 sit.
631 689 674 753 ali
697 690 802 753 uando
823 692 932 753 temen
953 690 1056 753 adfec-

95 778 149 837 tus
172 795 355 858 sequemur,
383 775 418 838 in
441 774 554 858 quibus
576 773 643 838 fere
664 711 736 858 dius
764 773 849 838 calor
870 795 965 857 quam
987 772 1057 836 dili·

96 859 208 942 gentia
230 857 326 922 valet.

160 941 243 1006 Satis
280 945 415 1025 apparet
447 963 486 1006 ex
519 963 572 1024 eo,
608 941 692 1026 quod
730 941 816 1006 hanc
849 941 1056 1006 scribentium

96 1026 335 1110 neglegentiam
358 1027 491 1108 damno,
520 1026 596 1110 quid
623 1026 661 1090 de
683 1025 747 1090 illis
770 1026 912 1089 dictandi
934 1026 1056 1090 deliciis

96 1111 245 1175 sentiam.
289 1132 365 1174 nam
387 1111 422 1174 in
444 1110 518 1174 stilo
540 1110 667 1194 quidem
690 1110 866 1195 quamlibet
886 1113 1056 1194 properato
1068 1117 1107 1181 19

95 1195 152 1257 dat
173 1195 312 1279 aliquam
328 1195 517 1279 cogitationi
539 1217 660 1259 moram
682 1217 749 1259 non
765 1216 960 1278 consequens
977 1194 1056 1258 cele-

94 1279 225 1342 ritatem
252 1279 318 1342 eius
344 1301 472 1343 manus:
501 1279 572 1362 ille,
604 1280 653 1343 cui
681 1279 852 1361 dictamus,
881 1281 986 1361 urget,
1010 1282 1056 1341 at·

95 1383 156 1445 que
178 1364 307 1426 interim
329 1362 428 1447 pudet
456 1363 552 1427 etiam
576 1363 721 1427 dubitare
749 1367 806 1426 aut
832 1363 979 1426 resistere
1002 1364 1057 1426 aut

96 1450 220 1511 mutare
242 1447 333 1530 quasi
355 1448 517 1511 conscium
538 1447 736 1511 infirmitatis
756 1449 884 1523 nostrae
898 1447 1054 1511 timentis

96 1552 157 1612 quo
186 1531 223 1595 fit
250 1535 373 1595 utnon
394 1532 486 1595 rudia
508 1534 634 1595 tantum
658 1535 690 1595 et
711 1512 856 1612 fortdita,
880 1533 935 1595 sed
949 1533 1108 1614 inpio-20

95 1616 166 1697 pria
198 1615 345 1696 interim,
387 1616 462 1679 dum
495 1617 563 1679 sola
599 1619 648 1679 est
682 1615 868 1679 conectendi
902 1615 1057 1679 sermonis

97 1698 271 1782 cupiditas,
309 1698 460 1781 effluant,
501 1721 583 1783 quae
616 1721 676 1762 nec
710 1699 916 1763 scribentium
950 1721 1057 1763 curam

95 1804 156 1846 nec
179 1781 353 1846 dicentium
374 1784 528 1866 impetum
551 1787 795 1866 consequantur.
828 1788 862 1848 at
882 1784 966 1848 idem
987 1785 1052 1861 ille,

96 1867 150 1948 qui
173 1866 304 1949 excipit,
333 1865 360 1930 si
381 1866 503 1931 tardior
524 1867 559 1930 in
581 1867 749 1931 scribendo
772 1870 828 1935 aut
848 1868 1000 1931 incertior
1021 1873 1056 1932 in

96 1950 233 2033 legendo
248 1951 336 2014 velut
357 1950 530 2015 offensator
542 1951 616 2035 fuit,
640 1951 803 2016 inhibetur
820 1973 936 2035 cursus,
960 1957 1056 2036 atque

96 2034 210 2115 omnis,
234 2056 315 2117 quae
337 2038 416 2117 erat,
441 2040 596 2119 concepta
617 2036 734 2100 mentis
756 2036 893 2099 intentio
912 2058 1001 2099 mora
1023 2039 1056 2101 et

96 2119 257 2181 interdum
271 2119 438 2183 iracundia
454 2121 622 2185 excutitur.
650 2120 798 2202 tamilla,
816 2140 895 2203 quae
911 2118 1055 2184 altiorem
1064 2127 1104 2191 21

97 2202 197 2265 animi
217 2205 338 2266 motum
368 2208 519 2268 secuntur
545 2226 687 2288 quaeque
713 2204 784 2286 ipsa
813 2203 954 2266 animum
982 2226 1055 2288 quo-

96 2285 263 2349 dammodo
278 2287 452 2370 concitant,
476 2309 608 2371 quorum
624 2292 673 2351 est
686 2288 807 2351 iactare
828 2309 968 2370 manum,
992 2292 1056 2351 tor·

96 2390 191 2451 quere
225 2370 366 2451 vultum,
400 2370 505 2435 femur
537 2375 569 2435 et
601 2371 685 2434 latus
713 2371 844 2435 interim
873 2372 1053 2456 obiurgare,

97 2474 238 2536 quaeque
263 2452 392 2517 Persius
421 2457 529 2536 notat,
560 2475 629 2518 cum
658 2455 770 2519 leviter
798 2456 924 2520 dicendi
953 2477 1054 2540 genus

97 2536 276 2620 significat,
307 2558 379 2600 nec
406 2537 580 2620 pluteum
607 2539 713 2622 inquit
742 2539 875 2603 caedit
897 2560 969 2603 nec
991 2541 1054 2604 de·

95 2641 245 2685 morsos
269 2622 374 2704 sapit
401 2621 563 2705 unguis,
592 2622 689 2686 etiam
716 2623 962 2706 ridiculosum,
991 2624 1054 2688 nisi

96 2726 167 2768 eum
183 2704 240 2768 soli
257 2726 375 2769 sumus
406 2705 542 2790 denique
556 2710 593 2770 ut
608 2708 715 2790 semel,
739 2708 822 2791 quod
838 2711 886 2771 est
900 2709 1105 2790 potentis-22

95 2790 209 2853 simum
231 2788 345 2871 dicam,
369 2793 537 2872 secretum,
561 2792 645 2875 quod
667 2793 815 2856 dictando
837 2792 932 2875 perit,
959 2795 1055 2875 atque

94 2873 230 2937 liberum
253 2872 382 2937 arbitris
403 2872 508 2937 locum
531 2878 563 2938 et
577 2896 672 2958 quam
687 2876 877 2939 altissimum
893 2875 1056 2940 silentimn

94 2957 307 3022 scribentibus
340 2958 478 3021 maxime
513 2959 682 3022 convenire
718 2981 811 3023 nemo
848 2960 1052 3025 dubitaverit.

94 3063 160 3105 non
182 3045 292 3106 tamen
314 3043 461 3125 protinus
485 3042 633 3106 audiendi
655 3044 707 3126 qui
732 3043 866 3108 credunt
889 3045 1055 3128 aptissima

94 3127 129 3188 in
162 3127 223 3189 boc
250 3148 382 3190 nemora
410 3127 581 3211 silvasque,
614 3128 698 3211 quod
732 3127 787 3193 illa
816 3129 896 3193 caeli
922 3128 1055 3193 libertas

93 3207 296 3293 locorumque
319 3211 497 3276 amoenitas
525 3211 691 3276 sublimem
719 3214 861 3277 animum
883 3218 916 3278 et
936 3214 1055 3276 beatio-

94 3314 163 3355 rem
185 3294 331 3377 spiritum
353 3299 479 3376 parent.
508 3296 585 3359 mihi
603 3300 689 3360 certe
703 3296 858 3361 iucundus
874 3297 927 3362 hic
951 3298 1054 3379 magis
1064 3298 1108 3363 23

68 3456 76 3464 .
95 3399 190 3460 quam
206 3377 382 3442 studiorum
395 3378 541 3444 hortator
555 3380 680 3444 videtur
696 3402 763 3445 esse
779 3404 930 3446 secessus.
965 3403 1055 3444 nam-

94 3483 155 3544 que
182 3462 254 3544 illa,
285 3483 365 3544 quae
392 3463 463 3547 ipsa
490 3463 668 3548 delectant,
698 3487 828 3530 necesse
850 3470 899 3530 est
921 3469 1057 3530 avocent

144 3564 248 3614 Qumrm
271 3563 311 3604 lib.
326 3565 355 3605 x.
887 3573 902 3620 3
