2400 3984
444 240 479 287 x.
513 243 540 288 6.
556 235 583 307 6,
605 235 715 286 1-16,
1018 221 1061 287 39

96 395 229 457 rectene
244 390 413 456 occiderit'
436 390 595 455 1611161111
609 389 771 472 iudicium,
795 410 838 454 an
853 393 1060 475 ‘oporteatne

97 477 321 542 insidiatorem
347 473 485 538 interfici
512 473 564 537 vel
590 475 805 558 perniciosum
832 474 880 538 rei
913 473 1059 558 publicae

98 560 212 642 civem,
235 559 361 622 etiamsi
383 579 448 621 non
469 557 672 621 insidietur:’
703 557 800 622 ‘Cato
822 556 976 621 Marciam
1004 557 1059 623 ho·

99 647 233 708 6661666
261 641 428 706 tradiderit
455 640 647 706 Hortensio'
682 663 724 705 an
752 641 981 706 ‘conveniatne
1008 663 1059 706 res

96 728 175 790 talis
198 728 282 790 bono
296 728 393 789 viro’.
425 724 463 789 de
485 727 631 808 personis
646 725 814 807 iudicatur,
837 725 893 788 sed
908 724 947 788 de
962 725 1057 789 rebus

96 809 316 875 contenditur.
360 809 608 874 declamationes
629 831 718 892 vero,
746 809 856 892 quales
884 809 918 871 in
940 807 1057 873 scholis
1070 794 1112 858 14

96 894 265 958 rhetorum
279 893 438 976 dicuntur,
461 894 488 956 si
503 894 595 957 modo
610 897 686 957 sunt
701 893 741 956 ad
755 893 923 956 veritatem
938 913 1060 956 accom-

97 979 247 1042 modatae
279 980 312 1041 et
338 977 534 1040 orationibus
562 977 681 1040 similes
687 1026 697 1060 ,
731 997 798 1041 non
830 978 957 1040 tantum
985 977 1060 1040 dum

97 1061 255 1125 adulescit
265 1061 436 1144 profectus,
452 1064 528 1124 sunt
538 1060 737 1143 utilissimae,
776 1061 829 1123 uia
839 1060 1059 1124 inventionem

97 1150 133 1210 et
153 1145 392 1229 dispositionem
406 1146 527 1229 pariter
542 1148 700 1228 exercent,
722 1082 778 1208 sed
799 1144 896 1207 etiam
919 1164 987 1207 cum
1011 1147 1060 1209 est

13 1224 16 1234 ’
96 1232 338 1294 consummatus
353 1249 392 1291 ac
413 1229 478 1292 iam
498 1229 533 1293 in
546 1229 617 1293 foro
638 1230 757 1292 clarus:
780 1227 877 1291 alitur
903 1229 989 1292 enim
1012 1232 1059 1292 at-

100 1335 161 1398 que
189 1313 336 1377 enitescit
363 1311 451 1376 velut
477 1313 595 1396 pabulo
616 1313 749 1377 laetiore
770 1311 924 1375 facundia
952 1315 984 1375 et
1005 1313 1058 1376 ad-

96 1398 192 1462 sidua
226 1396 467 1493 contentionum
499 1397 672 1480 asperitate
703 1395 843 1479 fatigata
875 1399 1057 1492 renovatur.

99 1478 1113 1647 16661111616116661161161111

124 1648 311 1712 estiendum.
355 1669 397 1711 ne
423 1648 563 1711 carmine
584 1647 711 1730 quidem
732 1646 841 1711 ludere
864 1649 1060 1712 eontrarium

95 1670 208 1814 fuerit,
233 1731 315 1795 sicut
337 1730 489 1810 athletae,
511 1732 644 1795 remissa
659 1730 848 1815 quibusdam
863 1733 1059 1816 temporibus

95 1817 244 1880 ciborum
265 1817 360 1897 atque
383 1814 648 1878 exercitationum
668 1817 755 1878 certa
769 1816 970 1898 necessitate,
994 1817 1059 1880 otio

95 1905 133 1963 et
153 1898 392 1963 iucundioribus
414 1898 515 1980 epulis
536 1899 734 1962 reficiuntur,
764 1899 897 1982 ideoque
917 1900 998 1962 mihi
1014 1901 1058 1963 vi·
1070 1901 1110 1964 16

15 1989 18 1993 ’
95 1985 192 2047 detur
205 1980 252 2046 M.
267 1981 390 2045 Tullius
404 1985 531 2046 tantum
552 1981 698 2046 intulisse
720 1982 919 2066 eloquentiae
940 1981 1058 2064 lumen,

95 2067 183 2150 quod
215 2067 250 2129 in
283 2064 341 2128 hos
370 2087 493 2149 quoque
525 2066 701 2131 studiorum
734 2086 876 2129 secessus
909 2067 1057 2132 excurrit.

98 2172 175 2214 nam
197 2150 225 2213 si
248 2149 340 2213 nobis
362 2150 430 2214 sola
451 2150 586 2214 materia
606 2150 704 2214 fuerit
725 2171 763 2214 ex
784 2149 905 2232 litibus,
929 2171 1059 2215 necesse

96 2238 148 2298 est
163 2233 325 2298 deteratur
341 2232 449 2318 fulgor
463 2236 496 2298 et
517 2234 665 2298 durescat
685 2234 837 2298 articulus
860 2235 893 2298 et
913 2235 982 2317 ipse
1003 2233 1058 2298 ille

94 2339 208 2382 ⁴mucro
229 2318 354 2401 ingenii
377 2317 538 2381 cotidiana
559 2339 670 2402 pugna
690 2317 890 2382 retundatur.

164 2401 226 2466 Sed
247 2401 511 2484 quemadmodum
532 2401 712 2465 forensibus
729 2401 955 2464 certaminibus
971 2422 1058 2466 exer·
1069 2402 1110 2469 17

96 2486 215 2550 6116166
249 2487 281 2547 61
308 2485 399 2567 quasi
426 2485 597 2550 militantis
626 2485 730 2549 reficit
756 2505 794 2547 ac
823 2488 953 2568 reparat
979 2485 1059 2550 haec

97 2569 187 2632 velut
215 2567 329 2652 sagina
355 2568 499 2651 dicendi,
528 2570 574 2633 sic
602 2569 821 2632 adulescentes
848 2589 915 2633 non
942 2569 1060 2635 debent

95 2653 233 2716 nimium
247 2653 283 2716 in
303 2651 386 2716 falsa
406 2672 513 2715 rerum
535 2653 676 2737 imagine
698 2652 833 2717 detineri
855 2656 887 2716 et
907 2654 1060 2718 inanibus

97 2759 132 2802 se
154 2735 331 2800 simulacris
352 2757 451 2819 usque
473 2736 551 2800 adeo
558 2786 567 2820 ,
591 2740 627 2801 ut
648 2736 789 2802 difficilis
812 2735 852 2798 ab
874 2736 924 2800 his
939 2736 1060 2821 digres-

96 2842 152 2885 sus
175 2820 233 2903 sit,
263 2819 482 2903 adsuefacere,
505 2841 547 2884 ne
569 2821 610 2884 ab
631 2820 698 2903 illa,
721 2821 756 2884 in
778 2842 841 2904 qua
862 2841 960 2904 prope
984 2842 1057 2884 6611-

98 2906 290 2986 senuerunt,
323 2903 437 2968 umbra
465 2925 540 2967 vera
567 2903 752 2967 discrimina
779 2903 867 2966 velut
899 2905 1058 2987 quendam

98 2988 197 3051 solem
218 2986 437 3051 reformident.
475 2988 557 3070 quod
580 2986 732 3052 accidisse
755 2988 853 3051 etiam
870 2987 983 3052 Porcio
998 2989 1057 3053 La·
1069 2991 1110 3057 18

94 3072 195 3154 troni,
223 3072 278 3155 qui
298 3071 419 3156 primus
442 3070 520 3135 clari
540 3071 680 3136 nominis
702 3072 862 3157 professor
889 3071 967 3154 fuit,
995 3076 1059 3137 tra·

96 3154 201 3236 ditur,
233 3157 287 3236 ut,
320 3176 392 3219 cum
419 3156 448 3220 ei
480 3177 637 3220 summam
663 3156 699 3220 in
727 3155 844 3220 scholis
874 3156 1058 3239 opinionem

95 3238 260 3321 optinenti
276 3260 370 3303 causa
384 3241 419 3304 in
433 3239 504 3303 foro
520 3242 604 3304 esset
618 3240 750 3322 oranda,
766 3240 901 3324 inpense
916 3241 1056 3324 petierit,

96 3323 144 3386 uti
174 3321 324 3385 subsellia
356 3322 392 3385 in
423 3323 591 3387 basilicam
617 3323 880 3388 transferrentur.
936 3325 982 3387 ita
1010 3324 1058 3388 illi

97 3406 223 3471 caelum
247 3426 366 3469 novum
386 3406 459 3489 fuit,
483 3411 519 3472 ut
541 3408 644 3471 omnis
668 3408 735 3473 eius
758 3407 939 3491 eloquentia
958 3407 1057 3471 conti-

95 3490 168 3554 neri
194 3493 282 3555 tecto
310 3511 348 3555 66
375 3490 552 3575 parietibus
580 3491 751 3558 videretur.
796 3511 894 3574 quare
921 3491 1109 3575 iuvenis,19
