2400 3984
144 243 187 309 32
417 258 636 319 oarurrnmru
658 258 748 307 rnsr.
772 260 829 308 on.

146 411 372 476 consumantur
385 412 417 473 et
431 409 466 473 in
482 409 644 473 silentium
665 431 764 494 usque
786 409 983 477 descendant
1004 412 1110 481 nimia

144 497 226 559 bene
248 494 375 558 dicendi
397 493 580 576 cupiditate.
608 495 726 576 quade
746 515 782 558 re
803 495 935 561 memini
956 517 1109 564 narrasse

144 580 224 643 mihi
245 577 363 643 Iulium
385 577 564 643 Secundum
581 576 681 660 illum,
705 578 868 662 aequalem
888 600 994 645 meum
1010 584 1108 665 atilue

145 685 164 726 a
185 684 246 747 me,
267 666 303 726 ut
323 664 437 727 notum
458 664 516 742 est,
539 661 742 725 familiariter
763 666 914 747 amatum,
937 664 1038 729 mirae
1057 665 1109 729 fa·

145 747 279 811 candiae
306 747 426 829 virum,
456 745 604 810 infinitae
630 747 740 809 tamen
770 767 881 827 curae,
938 748 993 812 uid
1022 754 1108 814 esset

97 831 206 897 13sibi
228 853 247 894 a
268 833 383 913 patruo
405 851 461 894 suo
483 830 613 893 dictum.
663 829 690 892 is
711 829 775 893 fuit
796 829 895 894 Iulius
956 852 1045 916 orus,
1068 833 1106 898 in

146 914 328 999 eloquentia
350 912 543 995 Galliarum,
576 913 725 997 quoniam
747 913 792 977 ibi
814 915 941 978 demum
963 918 1108 981 exercuit

145 1022 231 1080 eam,
253 999 419 1094 princeps2
449 996 568 1094 alioqui
589 997 673 1094 inter
694 1019 813 1080 paucos
835 998 971 1063 disertus
997 1002 1031 1064 ct
1056 1000 1106 1065 di·

144 1082 596 1249 ereaturarum
609 1081 1108 1257 truttmunt&

97 1250 224 1335 requae
247 1271 343 1313 causa
363 1249 480 1313 frontis
502 1252 570 1312 tam
592 1248 770 1313 adductae?
805 1271 865 1314 nec
891 1250 1106 1319 dissimulavit

145 1334 348 1415 adulescens,
376 1333 507 1397 tertium
534 1333 599 1397 iam
627 1333 711 1396 diem
732 1355 811 1414 esse,
836 1333 918 1417 quod
940 1336 1028 1399 omni
1057 1336 1106 1399 la·

143 1419 219 1482 bore
246 1417 400 1481 materiae
428 1416 468 1480 ad
506 1416 708 1480 scribendum
740 1417 919 1482 destinatae
953 1439 1021 1483 non
1055 1419 1105 1483 in·

144 1501 269 1565 reniret
291 1500 464 1583 exordium,
487 1522 549 1583 quo
570 1500 630 1565 sibi
649 1521 714 1564 uon
735 1522 886 1583 praesens
907 1504 1036 1567 tantum
1049 1502 1106 1568 do·

143 1587 207 1667 lor,
237 1587 292 1648 sed
321 1586 417 1648 etiam
440 1584 617 1667 desperatio
639 1585 674 1648 in
702 1588 864 1668 posterum
889 1585 990 1650 fieret.
1034 1588 1105 1653 turn

144 1669 256 1732 Florus
278 1668 435 1749 adridens,
464 1668 617 1751 numquid
637 1671 683 1751 tu,
710 1669 832 1752 inquit,
859 1669 970 1734 melius
998 1668 1105 1735 dicere

96 1756 135 1820 15
149 1753 195 1817 vis
212 1774 305 1836 quam
327 1751 440 1836 potes?
461 1752 508 1815 ita
529 1774 562 1815 se
583 1773 633 1816 res
652 1752 767 1816 habet:
791 1754 965 1817 curandum
986 1757 1046 1838 est,
1066 1760 1106 1819 ut

145 1836 849 2003 trusere?irretietur?
862 1837 1105 2007 refutat*

144 2005 243 2067 tione.
273 2007 310 2067 ut
331 2004 486 2086 possimus
509 2008 614 2067 autem
636 2004 775 2067 scribere
797 1968 894 2068 etiam
916 2005 1008 2089 plura
1022 2006 1103 2070 cele·

144 2088 220 2168 rius
250 2108 316 2151 non
338 2087 523 2151 exercitatio
545 2086 637 2151 modo
659 2088 850 2171 praestabit,
878 2088 913 2153 in
943 2110 1005 2173 qua
1032 2089 1104 2155 sinc

144 2171 240 2234 dubio
263 2168 398 2234 multum
421 2174 479 2253 est,
502 2171 558 2235 sed
580 2172 676 2235 etiam
698 2173 796 2236 ratio:
824 2173 851 2235 si
872 2193 939 2236 non
960 2174 1105 2257 resupini

145 2257 389 2338 spectantesque
410 2257 531 2318 tectum
553 2258 585 2318 et
607 2277 643 2319 co
670 2255 836 2320 'tationem
854 2277 1014 2321 murmure
1034 2260 1105 2341 agi·

143 2342 250 2402 tantes
273 2339 558 2422 expectaverimus,
587 2339 640 2421 qui
684 2340 848 2421 obveniat,
878 2341 933 2404 sed
954 2340 1031 2423 quid
1051 2362 1104 2405 res

143 2425 264 2505 poscat,
289 2422 364 2506 quid
386 2444 556 2506 personam
579 2422 699 2505 deceat,
722 2423 805 2506 quod
825 2422 868 2486 sit
888 2427 1025 2508 tempus,
1048 2427 1104 2508 qui

144 2506 256 2570 iudicis
285 2507 426 2589 animus,
460 2507 568 2570 intuiti
602 2505 743 2570 humano
777 2508 912 2591 quodam
939 2508 1032 2572 modo
1061 2508 1104 2573 ad

144 2590 347 2655 scribendum
363 2591 597 2671 accesserimus.
621 2591 667 2653 sio
689 2591 782 2655 nobis
804 2595 837 2656 et
857 2592 951 2655 initia
974 2596 1006 2655 et
1021 2613 1103 2677 quae

95 2675 296 2741 ldsecuntur
322 2676 438 2770 natura
451 2674 764 2771 ’ipsaspraescribit
810 2678 897 2740 certa
918 2678 995 2773 sunt
1008 2675 1102 2745 ,enim

143 2757 364 2925 tatere
384 2759 1103 2927 turrianustutantem

143 2925 398 3073 arietante
420 2925 609 3073 stete
624 2926 1103 3076 {ztrerrtttfirtttr

144 3112 212 3154 esse
226 3094 309 3175 quod
323 3092 419 3156 latet:
441 3031 689 3157 inmutesgcamus
699 3033 835 3177 tlioiui,
858 3095 885 3158 si
900 3032 987 3159 nihii
995 3094 1101 3158 dicen·

95 3175 219 3241 lidum
240 3175 402 3259 rideatur,
430 3177 494 3240 nisi
516 3176 598 3259 quod
620 3198 685 3241 non
708 3178 898 3243 invenimus,
943 3179 1103 3243 diversum

144 3260 193 3322 est
223 3257 298 3322 huic
330 3281 438 3324 eorum
468 3260 596 3342 vitium,
631 3262 684 3344 qui
717 3263 819 3346 primo
852 3262 1018 3327 decurrere
1044 3284 1102 3346 per

143 3342 310 3406 materiam
337 3343 411 3407 stilo
442 3365 537 3428 quam
559 3344 756 3410 velocissimo
784 3347 896 3411 volunt
917 3350 950 3413 et
971 3369 1103 3431 sequen-

144 3428 192 3489 tes
222 3426 358 3490 oalorem
392 3435 485 3512 atque
513 3429 668 3513 impetum
701 3452 739 3495 ex
773 3433 915 3516 tempore
943 3431 1102 3496 scribunt:

144 3510 228 3574 hanc
256 3511 397 3575 silvam
424 3515 551 3577 vocant.
603 3516 753 3597 repetunt
780 3516 894 3581 deinde
923 3518 955 3581 et
977 3536 1103 3600 compo·

96 3856 183 3948 f
