2400 3984
287 712 339 787 M.
365 711 509 787 FABH
537 710 868 803 QUINTILIANI

190 879 605 963 INSTITUTIONIS
634 878 962 962 ORATORIAE

388 1044 527 1110 amun
548 1044 766 1111 nnomus.

156 1212 184 1278 Ι.
212 1211 274 1279 Sed
288 1212 368 1277 haee
384 1212 552 1309 equuendi
566 1215 749 1296 praecepta,
770 1212 853 1277 siout
868 1212 1057 1296 cogitationi

93 1301 172 1362 sunt
193 1297 392 1379 necessaria,
420 1296 467 1360 ita
495 1317 563 1360 non
592 1297 670 1360 satis
698 1296 738 1360 ad
764 1297 829 1360 vim
857 1296 983 1360 dicendi
1004 1318 1057 1360 va-

91 1381 180 1464 lent,
210 1380 275 1444 nisi
302 1380 366 1444 illis
388 1381 481 1444 firma
503 1379 658 1464 quaedam
679 1380 783 1444 facilit
769 1384 836 1463 tas,
864 1401 944 1464 quae
972 1381 1056 1463 apud

93 1430 234 1529 Gradcos
263 1465 324 1532 tac
348 1465 549 1547 nominatur,
578 1464 762 1528 accesserit:
790 1465 830 1527 ad
858 1486 953 1548 quam
980 1465 1055 1528 sori-

91 1548 198 1613 bendo
195 1548 285 1646 plus
308 1570 351 1611 an
372 1547 510 1695 lependo
525 1514 567 1613 dn
582 1547 717 1612 dicendo
739 1548 931 1630 conferatur,
956 1547 1057 1612 solere

92 1632 241 1799 quaeri
226 1633 302 1696 scio.
338 1652 399 1714 quo

443 1635 528 1696 esset
549 1631 735 1715 diligentius
756 1631 849 1695 nobis
872 1633 1057 1695 examinan-

216 1715 244 1780 si
271 1715 414 1799 qualibet
443 1737 550 1780 earum
578 1736 684 1778 rerum
711 1736 874 1797 possemus
901 1737 967 1778 una
989 1737 1057 1779 esse

94 1766 250 1865 contenti.
293 1820 402 1863 verum
423 1799 470 1862 ita
492 1802 568 1863 sunt
594 1799 680 1863 inter
707 1819 740 1861 se
763 1819 884 1862 conexa
906 1801 939 1863 et
959 1798 1057 1862 indis·
1046 1811 1086 1875 -2

94 1887 182 1948 oreta
203 1882 322 1964 omnia,
344 1885 397 1964 ut,
425 1884 453 1946 si
475 1882 607 1965 quidex
628 1882 678 1946 his
700 1881 846 1964 defuerit,
873 1882 994 1946 frustra
1014 1883 1058 1947 sit

93 1968 129 2032 in
145 1970 195 2031 cet
196 1967 259 2031 eris
273 1966 463 2030 laboratum.
494 1988 571 2029 nam
584 1987 687 2063 neque
702 1966 802 2029 solida
818 1969 912 2049 atquo
926 1967 1057 2030 robusta

92 2051 193 2115 fuerit
206 2072 357 2147 umquam
372 2050 564 2146 eloquentia,
587 2051 652 2113 nisi
643 2049 767 2113 multo
782 2049 901 2113 stilo
871 2072 954 2114 vires
970 2071 1057 2114 acee-

93 2134 195 2219 perit,
223 2138 256 2198 et
278 2134 359 2198 citra
380 2133 527 2197 lectionis
550 2134 729 2216 exemplum
751 2133 842 2197 labor
862 2134 917 2197 ille
946 2155 1057 2198 carens

94 2222 217 2283 rectore
235 2217 386 2300 fluitabit,
409 2221 442 2281 et
461 2218 516 2301 qui
535 2217 626 2299 sciet,
650 2238 731 2313 quae
746 2238 869 2300 quoque
884 2218 951 2281 sint
964 2216 1058 2281 modo

95 2302 246 2399 dicenda,
271 2302 335 2366 nisi
356 2301 551 2384 tamquam
542 2323 578 2364 ιιι
598 2301 766 2383 procinctu
787 2305 995 2446 paratamque
1017 2301 1058 2364 ad

94 2387 198 2450 omnis
222 2406 311 2450 casus
333 2384 482 2449 habuerit
503 2385 728 2468 eloquentiam,
751 2386 839 2447 veut
859 2385 975 2448 clausis
989 2383 1058 2448 the-

94 2470 198 2534 sauris
218 2468 395 2534 incubabit
439 2490 506 2532 non
528 2472 634 2532 autem
655 2471 692 2531 ut
718 2467 867 2551 quioquid
888 2464 1087 2565 praeeipue3

94 2554 313 2618 necessarium
328 2555 393 2635 est,
415 2553 461 2616 sio
482 2553 522 2615 ad
537 2552 741 2616 efficiendum
755 2554 912 2616 oratorem
926 2552 1058 2615 maximi

94 2637 243 2722 protinus
264 2637 327 2700 erit
347 2637 510 2700 momenti.
553 2658 629 2699 nam
652 2639 753 2717 uerte,
783 2657 854 2699 cum
875 2634 974 2698 sitm
996 2635 1059 2698 elo·

95 2721 220 2805 quendo
241 2720 381 2804 positum
403 2720 537 2783 oratoris
558 2720 711 2801 officium,
735 2684 839 2783 dicere
860 2722 935 2781 ante
950 2719 1059 2781 omnia

96 2809 146 2869 est
167 2808 267 2902 atque·
291 2803 369 2867 hino
390 2804 519 2867 initium
542 2804 608 2866 eius
631 2768 829 2866 a1tis'fuisse
851 2801 1059 2865 manifestum

95 2892 154 2971 est,
178 2889 357 2972 proximum
378 2886 491 2951 deinde
512 2886 628 2950 imitat
619 2907 650 2949 10
672 2888 730 2964 est,
752 2885 960 2949 novissimum
982 2886 1059 2949 sori-

94 2973 192 3036 bandi
214 2993 344 3068 quoque
361 2970 540 3068 diligentia.
571 2970 627 3033 sed
648 2973 685 3032 ut
705 2969 865 3052 pervenin
856 2967 920 3031 'ad
935 2967 1089 3032 summa4

94 3056 160 3120 nisi
181 3077 220 3121 ex
241 3055 410 3152 principiis
432 3074 499 3118 non
524 3055 646 3137 potest,
675 3053 722 3116 ita
747 3051 939 3137 procedente
964 3074 1059 3136 opere

94 3141 161 3205 iam
174 3140 309 3204 minima
323 3139 491 3234 incipiunt·
507 3158 576 3202 esso
582 3157 678 3284 tquae
723 3138 804 3200 n'ma
826 3140 910 3200 sunt.
948 3157 1059 3200 verum

95 3245 155 3289 nos
176 3245 259 3305 non,
289 3223 444 3305 quomodo
466 3221 539 3285 sit
530 3224 608 3285 1nst1
609 3225 686 3284 tuen
708 3242 745 3284 us
767 3223 884 3302 orator,
907 3219 1059 3283 hocloco

96 3308 230 3373 dicimus
258 3307 348 3388 (nam
369 3307 402 3369 id
424 3305 552 3389 quidem
574 3308 631 3369 aut
652 3304 728 3368 satis
751 3307 809 3368 aut
829 3307 913 3368 certe
935 3302 984 3366 uti
997 3323 1060 3398 po·

96 3393 216 3457 tuimus
244 3391 366 3454 dictum
395 3392 474 3474 est),
509 3388 564 3453 sed
593 3387 729 3472 athleta,
763 3388 819 3472 qui
851 3408 962 3451 omnes
994 3385 1059 3449 iam

869 3488 907 3542 1*
