<?xml version="1.0" encoding="UTF-8"?>
<!DOCTYPE html PUBLIC "-//W3C//DTD XHTML 1.0 Transitional//EN"
    "http://www.w3.org/TR/xhtml1/DTD/xhtml1-transitional.dtd">
<html xmlns="http://www.w3.org/1999/xhtml" xml:lang="en" lang="en">
 <head>
  <title>
</title>
<meta http-equiv="Content-Type" content="text/html;charset=utf-8" />
  <meta name='ocr-system' content='tesseract 3.04.00' />
  <meta name='ocr-capabilities' content='ocr_page ocr_carea ocr_par ocr_line ocrx_word'/>
</head>
<body>
  <div class='ocr_page' id='page_1' title='image "./institutionisor00halmgoog_0023.png"; bbox 0 0 2400 3984; ppageno 0'>
   <div class='ocr_carea' id='block_1_1' title="bbox 147 203 829 280">
    <p class='ocr_par' dir='ltr' id='par_1_1' title="bbox 147 203 829 280">
     <span class='ocr_line' id='line_1_1' title="bbox 147 203 829 280; baseline 0.009 -14"><span class='ocrx_word' id='word_1_1' title='bbox 147 203 187 268; x_wconf 86' lang='lat'><strong>18</strong></span> <span class='ocrx_word' id='word_1_2' title='bbox 421 221 639 280; x_wconf 78' lang='lat' dir='ltr'><strong>oururrmnur</strong></span> <span class='ocrx_word' id='word_1_3' title='bbox 661 223 751 272; x_wconf 82' lang='lat' dir='ltr'><strong>rusr.</strong></span> <span class='ocrx_word' id='word_1_4' title='bbox 774 223 829 272; x_wconf 83' lang='lat' dir='ltr'><strong>oa.</strong></span> 
     </span>
    </p>
   </div>
   <div class='ocr_carea' id='block_1_2' title="bbox 96 372 1111 2721">
    <p class='ocr_par' dir='ltr' id='par_1_2' title="bbox 96 372 1111 2721">
     <span class='ocr_line' id='line_1_2' title="bbox 145 372 1111 519; baseline 0.007 -86"><span class='ocrx_word' id='word_1_5' title='bbox 145 372 316 435; x_wconf 90' lang='lat' dir='ltr'><strong>immatura</strong></span> <span class='ocrx_word' id='word_1_6' title='bbox 337 391 404 435; x_wconf 91' lang='lat' dir='ltr'><strong>non</strong></span> <span class='ocrx_word' id='word_1_7' title='bbox 417 393 521 519; x_wconf 72' lang='lat' dir='ltr'><strong>passa</strong></span> <span class='ocrx_word' id='word_1_8' title='bbox 543 376 601 453; x_wconf 89' lang='lat' dir='ltr'><strong>est,</strong></span> <span class='ocrx_word' id='word_1_9' title='bbox 628 373 763 457; x_wconf 90' lang='lat' dir='ltr'><strong>puerilia</strong></span> <span class='ocrx_word' id='word_1_10' title='bbox 784 378 893 438; x_wconf 90' lang='lat' dir='ltr'><strong>tamen</strong></span> <span class='ocrx_word' id='word_1_11' title='bbox 922 374 988 439; x_wconf 89' lang='lat' dir='ltr'><strong>eius</strong></span> <span class='ocrx_word' id='word_1_12' title='bbox 1009 396 1111 459; x_wconf 87' lang='lat' dir='ltr'><strong>opera</strong></span> 
     </span>
     <span class='ocr_line' id='line_1_3' title="bbox 147 456 1106 543; baseline 0.004 -24"><span class='ocrx_word' id='word_1_13' title='bbox 147 459 179 519; x_wconf 88' lang='lat' dir='ltr'><strong>et</strong></span> <span class='ocrx_word' id='word_1_14' title='bbox 195 456 366 520; x_wconf 80' lang='lat' dir='ltr'><strong>maximam</strong></span> <span class='ocrx_word' id='word_1_15' title='bbox 380 456 415 519; x_wconf 92' lang='lat' dir='ltr'><strong>in</strong></span> <span class='ocrx_word' id='word_1_16' title='bbox 438 456 521 521; x_wconf 94' lang='lat' dir='ltr'><strong>olem</strong></span> <span class='ocrx_word' id='word_1_17' title='bbox 536 457 709 521; x_wconf 88' lang='lat' dir='ltr'><strong>ostendunt</strong></span> <span class='ocrx_word' id='word_1_18' title='bbox 724 461 757 522; x_wconf 89' lang='lat' dir='ltr'><strong>et</strong></span> <span class='ocrx_word' id='word_1_19' title='bbox 777 458 996 523; x_wconf 79' lang='lat' dir='ltr'><strong>admirabilem</strong></span> <span class='ocrx_word' id='word_1_20' title='bbox 1015 481 1106 543; x_wconf 88' lang='lat' dir='ltr'><strong>prae-</strong></span> 
     </span>
     <span class='ocr_line' id='line_1_4' title="bbox 148 540 1107 626; baseline 0.004 -24"><span class='ocrx_word' id='word_1_21' title='bbox 148 541 238 622; x_wconf 84' lang='lat' dir='ltr'>cipue</span> <span class='ocrx_word' id='word_1_22' title='bbox 266 540 301 604; x_wconf 91' lang='lat' dir='ltr'><strong>in</strong></span> <span class='ocrx_word' id='word_1_23' title='bbox 328 543 434 604; x_wconf 87' lang='lat' dir='ltr'><strong>aetate</strong></span> <span class='ocrx_word' id='word_1_24' title='bbox 456 540 512 604; x_wconf 92' lang='lat' dir='ltr'><strong>illa</strong></span> <span class='ocrx_word' id='word_1_25' title='bbox 533 541 613 605; x_wconf 81' lang='lat' dir='ltr'><strong>recti</strong></span> <span class='ocrx_word' id='word_1_26' title='bbox 635 541 762 626; x_wconf 85' lang='lat' dir='ltr'><strong>generis</strong></span> <span class='ocrx_word' id='word_1_27' title='bbox 785 542 990 607; x_wconf 86' lang='lat' dir='ltr'><strong>voluntatem.</strong></span> <span class='ocrx_word' id='word_1_28' title='bbox 1027 544 1107 606; x_wconf 89' lang='lat' dir='ltr'><strong>mul-</strong></span> 
     </span>
     <span class='ocr_line' id='line_1_5' title="bbox 96 623 1106 709; baseline 0.002 -21"><span class='ocrx_word' id='word_1_29' title='bbox 96 625 215 688; x_wconf 79' lang='lat' dir='ltr'><strong>90tum</strong></span> <span class='ocrx_word' id='word_1_30' title='bbox 242 624 277 687; x_wconf 92' lang='lat' dir='ltr'><strong>in</strong></span> <span class='ocrx_word' id='word_1_31' title='bbox 305 623 468 688; x_wconf 89' lang='lat' dir='ltr'><strong>Valerio</strong></span> <span class='ocrx_word' id='word_1_32' title='bbox 496 624 638 690; x_wconf 85' lang='lat' dir='ltr'><strong>Flacco</strong></span> <span class='ocrx_word' id='word_1_33' title='bbox 665 647 768 709; x_wconf 86' lang='lat' dir='ltr'><strong>nuper</strong></span> <span class='ocrx_word' id='word_1_34' title='bbox 795 629 969 690; x_wconf 82' lang='lat' dir='ltr'><strong>amisimus.</strong></span> <span class='ocrx_word' id='word_1_35' title='bbox 1013 627 1106 690; x_wconf 89' lang='lat' dir='ltr'><strong>uehe-</strong></span> 
     </span>
     <span class='ocr_line' id='line_1_6' title="bbox 147 707 1106 794; baseline 0.003 -22"><span class='ocrx_word' id='word_1_36' title='bbox 147 730 237 772; x_wconf 84' lang='lat' dir='ltr'><strong>mens</strong></span> <span class='ocrx_word' id='word_1_37' title='bbox 260 714 292 772; x_wconf 89' lang='lat' dir='ltr'><strong>et</strong></span> <span class='ocrx_word' id='word_1_38' title='bbox 313 709 474 792; x_wconf 88' lang='lat' dir='ltr'><strong>poeticum</strong></span> <span class='ocrx_word' id='word_1_39' title='bbox 487 709 655 794; x_wconf 86' lang='lat' dir='ltr'><strong>ingenium</strong></span> <span class='ocrx_word' id='word_1_40' title='bbox 677 708 800 774; x_wconf 82' lang='lat' dir='ltr'><strong>Saleii</strong></span> <span class='ocrx_word' id='word_1_41' title='bbox 815 707 930 773; x_wconf 87' lang='lat' dir='ltr'><strong>Bassi</strong></span> <span class='ocrx_word' id='word_1_42' title='bbox 950 711 1022 794; x_wconf 86' lang='lat' dir='ltr'><strong>fuit,</strong></span> <span class='ocrx_word' id='word_1_43' title='bbox 1046 733 1106 775; x_wconf 90' lang='lat' dir='ltr'><strong>nec</strong></span> 
     </span>
     <span class='ocr_line' id='line_1_7' title="bbox 146 792 1107 875; baseline 0.004 -20"><span class='ocrx_word' id='word_1_44' title='bbox 146 794 251 875; x_wconf 91' lang='lat' dir='ltr'><strong>ipsum</strong></span> <span class='ocrx_word' id='word_1_45' title='bbox 268 795 433 856; x_wconf 75' lang='lat' dir='ltr'><strong>senectute</strong></span> <span class='ocrx_word' id='word_1_46' title='bbox 447 794 612 858; x_wconf 74' lang='lat' dir='ltr'><strong>maturuit.</strong></span> <span class='ocrx_word' id='word_1_47' title='bbox 646 792 835 857; x_wconf 89' lang='lat' dir='ltr'><strong>Rabirius</strong></span> <span class='ocrx_word' id='word_1_48' title='bbox 857 815 895 856; x_wconf 87' lang='lat' dir='ltr'><strong>ae</strong></span> <span class='ocrx_word' id='word_1_49' title='bbox 916 794 1019 857; x_wconf 91' lang='lat' dir='ltr'><strong>Pedo</strong></span> <span class='ocrx_word' id='word_1_50' title='bbox 1039 816 1107 859; x_wconf 90' lang='lat' dir='ltr'><strong>non</strong></span> 
     </span>
     <span class='ocr_line' id='line_1_8' title="bbox 146 875 1106 962; baseline 0.001 -22"><span class='ocrx_word' id='word_1_51' title='bbox 146 877 275 961; x_wconf 88' lang='lat' dir='ltr'><strong>indigni</strong></span> <span class='ocrx_word' id='word_1_52' title='bbox 298 877 499 962; x_wconf 80' lang='lat' dir='ltr'><strong>cognitione,</strong></span> <span class='ocrx_word' id='word_1_53' title='bbox 531 877 559 941; x_wconf 89' lang='lat' dir='ltr'><strong>si</strong></span> <span class='ocrx_word' id='word_1_54' title='bbox 580 881 682 942; x_wconf 81' lang='lat' dir='ltr'><strong>vacet.</strong></span> <span class='ocrx_word' id='word_1_55' title='bbox 732 875 911 942; x_wconf 91' lang='lat' dir='ltr'><strong>Lucanus</strong></span> <span class='ocrx_word' id='word_1_56' title='bbox 935 878 1050 941; x_wconf 90' lang='lat' dir='ltr'><strong>ardens</strong></span> <span class='ocrx_word' id='word_1_57' title='bbox 1073 885 1106 941; x_wconf 90' lang='lat' dir='ltr'><strong>et</strong></span> 
     </span>
     <span class='ocr_line' id='line_1_9' title="bbox 149 960 1107 1044; baseline 0.001 -20"><span class='ocrx_word' id='word_1_58' title='bbox 149 961 327 1025; x_wconf 87' lang='lat' dir='ltr'><strong>concitatus</strong></span> <span class='ocrx_word' id='word_1_59' title='bbox 349 964 382 1023; x_wconf 94' lang='lat' dir='ltr'><strong>et</strong></span> <span class='ocrx_word' id='word_1_60' title='bbox 408 961 578 1025; x_wconf 80' lang='lat' dir='ltr'><strong>sententiis</strong></span> <span class='ocrx_word' id='word_1_61' title='bbox 608 960 814 1044; x_wconf 86' lang='lat' dir='ltr'><strong>clarissimus,</strong></span> <span class='ocrx_word' id='word_1_62' title='bbox 841 961 911 1044; x_wconf 90' lang='lat' dir='ltr'><strong>sed,</strong></span> <span class='ocrx_word' id='word_1_63' title='bbox 940 965 977 1025; x_wconf 93' lang='lat' dir='ltr'><strong>ut</strong></span> <span class='ocrx_word' id='word_1_64' title='bbox 1003 961 1107 1025; x_wconf 87' lang='lat' dir='ltr'><strong>dicam</strong></span> 
     </span>
     <span class='ocr_line' id='line_1_10' title="bbox 148 1043 1105 1130; baseline 0.003 -23"><span class='ocrx_word' id='word_1_65' title='bbox 148 1044 231 1127; x_wconf 92' lang='lat' dir='ltr'><strong>quod</strong></span> <span class='ocrx_word' id='word_1_66' title='bbox 247 1044 360 1126; x_wconf 92' lang='lat' dir='ltr'><strong>sentio,</strong></span> <span class='ocrx_word' id='word_1_67' title='bbox 381 1043 486 1128; x_wconf 83' lang='lat' dir='ltr'><strong>magis</strong></span> <span class='ocrx_word' id='word_1_68' title='bbox 500 1044 679 1108; x_wconf 86' lang='lat' dir='ltr'><strong>oratoribus</strong></span> <span class='ocrx_word' id='word_1_69' title='bbox 693 1066 789 1130; x_wconf 90' lang='lat' dir='ltr'><strong>quam</strong></span> <span class='ocrx_word' id='word_1_70' title='bbox 803 1046 904 1130; x_wconf 88' lang='lat' dir='ltr'><strong>poetis</strong></span> <span class='ocrx_word' id='word_1_71' title='bbox 919 1045 1105 1110; x_wconf 88' lang='lat' dir='ltr'><strong>imitandus.</strong></span> 
     </span>
     <span class='ocr_line' id='line_1_11' title="bbox 97 1126 1107 1214; baseline -0.001 -21"><span class='ocrx_word' id='word_1_72' title='bbox 97 1131 136 1193; x_wconf 83' lang='lat'><strong>91</strong></span> <span class='ocrx_word' id='word_1_73' title='bbox 149 1128 207 1191; x_wconf 91' lang='lat' dir='ltr'><strong>hos</strong></span> <span class='ocrx_word' id='word_1_74' title='bbox 228 1128 473 1209; x_wconf 85' lang='lat' dir='ltr'><strong>nominavimus,</strong></span> <span class='ocrx_word' id='word_1_75' title='bbox 519 1128 573 1192; x_wconf 91' lang='lat' dir='ltr'><strong>uia</strong></span> <span class='ocrx_word' id='word_1_76' title='bbox 588 1126 862 1195; x_wconf 85' lang='lat' dir='ltr'><strong>Germanicum</strong></span> <span class='ocrx_word' id='word_1_77' title='bbox 883 1131 1107 1214; x_wconf 88' lang='lat' dir='ltr'><strong>Augustum</strong></span> 
     </span>
     <span class='ocr_line' id='line_1_12' title="bbox 147 1149 1108 1297; baseline 0.001 -22"><span class='ocrx_word' id='word_1_78' title='bbox 147 1214 189 1275; x_wconf 90' lang='lat' dir='ltr'><strong>ab</strong></span> <span class='ocrx_word' id='word_1_79' title='bbox 203 1212 361 1275; x_wconf 89' lang='lat' dir='ltr'><strong>institutis</strong></span> <span class='ocrx_word' id='word_1_80' title='bbox 376 1210 489 1275; x_wconf 90' lang='lat' dir='ltr'><strong>studiis</strong></span> <span class='ocrx_word' id='word_1_81' title='bbox 497 1149 632 1274; x_wconf 64' lang='lat' dir='ltr'><strong>deflexit</strong></span> <span class='ocrx_word' id='word_1_82' title='bbox 648 1230 723 1274; x_wconf 89' lang='lat' dir='ltr'><strong>cura</strong></span> <span class='ocrx_word' id='word_1_83' title='bbox 743 1217 910 1296; x_wconf 89' lang='lat' dir='ltr'><strong>terrarum,</strong></span> <span class='ocrx_word' id='word_1_84' title='bbox 933 1234 1108 1297; x_wconf 89' lang='lat' dir='ltr'><strong>parumque</strong></span> 
     </span>
     <span class='ocr_line' id='line_1_13' title="bbox 148 1293 1107 1381; baseline 0.001 -22"><span class='ocrx_word' id='word_1_85' title='bbox 148 1296 196 1359; x_wconf 91' lang='lat' dir='ltr'><strong>dis</strong></span> <span class='ocrx_word' id='word_1_86' title='bbox 219 1296 320 1360; x_wconf 88' lang='lat' dir='ltr'><strong>visum</strong></span> <span class='ocrx_word' id='word_1_87' title='bbox 350 1297 400 1358; x_wconf 89' lang='lat' dir='ltr'><strong>est</strong></span> <span class='ocrx_word' id='word_1_88' title='bbox 429 1315 497 1358; x_wconf 89' lang='lat' dir='ltr'><strong>esse</strong></span> <span class='ocrx_word' id='word_1_89' title='bbox 519 1314 591 1358; x_wconf 88' lang='lat' dir='ltr'><strong>eum</strong></span> <span class='ocrx_word' id='word_1_90' title='bbox 611 1293 784 1356; x_wconf 85' lang='lat' dir='ltr'><strong>maximum</strong></span> <span class='ocrx_word' id='word_1_91' title='bbox 806 1302 982 1374; x_wconf 85' lang='lat' dir='ltr'><strong>poetarum.</strong></span> <span class='ocrx_word' id='word_1_92' title='bbox 1032 1297 1107 1381; x_wconf 91' lang='lat' dir='ltr'><strong>quid</strong></span> 
     </span>
     <span class='ocr_line' id='line_1_14' title="bbox 146 1376 1109 1464; baseline 0.001 -21"><span class='ocrx_word' id='word_1_93' title='bbox 146 1383 257 1443; x_wconf 88' lang='lat' dir='ltr'><strong>tamen</strong></span> <span class='ocrx_word' id='word_1_94' title='bbox 271 1378 321 1442; x_wconf 89' lang='lat' dir='ltr'><strong>his</strong></span> <span class='ocrx_word' id='word_1_95' title='bbox 336 1377 414 1461; x_wconf 89' lang='lat' dir='ltr'><strong>ipsis</strong></span> <span class='ocrx_word' id='word_1_96' title='bbox 429 1377 497 1441; x_wconf 90' lang='lat' dir='ltr'><strong>eius</strong></span> <span class='ocrx_word' id='word_1_97' title='bbox 511 1377 671 1459; x_wconf 90' lang='lat' dir='ltr'><strong>operibus,</strong></span> <span class='ocrx_word' id='word_1_98' title='bbox 693 1376 729 1439; x_wconf 93' lang='lat' dir='ltr'><strong>in</strong></span> <span class='ocrx_word' id='word_1_99' title='bbox 743 1396 824 1459; x_wconf 87' lang='lat' dir='ltr'><strong>quae</strong></span> <span class='ocrx_word' id='word_1_100' title='bbox 839 1377 958 1442; x_wconf 87' lang='lat' dir='ltr'><strong>donato</strong></span> <span class='ocrx_word' id='word_1_101' title='bbox 973 1381 1109 1464; x_wconf 92' lang='lat' dir='ltr'><strong>imperio</strong></span> 
     </span>
     <span class='ocr_line' id='line_1_15' title="bbox 147 1459 1108 1544; baseline 0.002 -18"><span class='ocrx_word' id='word_1_102' title='bbox 147 1463 283 1527; x_wconf 82' lang='lat' dir='ltr'><strong>iuvenis</strong></span> <span class='ocrx_word' id='word_1_103' title='bbox 298 1463 486 1544; x_wconf 90' lang='lat' dir='ltr'><strong>secesserat,</strong></span> <span class='ocrx_word' id='word_1_104' title='bbox 514 1459 696 1542; x_wconf 85' lang='lat' dir='ltr'><strong>sublimius,</strong></span> <span class='ocrx_word' id='word_1_105' title='bbox 725 1460 863 1542; x_wconf 86' lang='lat' dir='ltr'><strong>doctius,</strong></span> <span class='ocrx_word' id='word_1_106' title='bbox 887 1463 1033 1525; x_wconf 86' lang='lat' dir='ltr'><strong>omnibus</strong></span> <span class='ocrx_word' id='word_1_107' title='bbox 1057 1466 1108 1528; x_wconf 92' lang='lat' dir='ltr'><strong>de-</strong></span> 
     </span>
     <span class='ocr_line' id='line_1_16' title="bbox 147 1543 1108 1630; baseline -0.001 -20"><span class='ocrx_word' id='word_1_108' title='bbox 147 1548 244 1630; x_wconf 90' lang='lat' dir='ltr'><strong>nique</strong></span> <span class='ocrx_word' id='word_1_109' title='bbox 265 1545 406 1610; x_wconf 91' lang='lat' dir='ltr'><strong>numeris</strong></span> <span class='ocrx_word' id='word_1_110' title='bbox 421 1543 664 1628; x_wconf 80' lang='lat' dir='ltr'><strong>praestantius?</strong></span> <span class='ocrx_word' id='word_1_111' title='bbox 685 1543 756 1628; x_wconf 90' lang='lat' dir='ltr'><strong>quis</strong></span> <span class='ocrx_word' id='word_1_112' title='bbox 778 1543 863 1606; x_wconf 92' lang='lat' dir='ltr'><strong>enim</strong></span> <span class='ocrx_word' id='word_1_113' title='bbox 880 1550 1009 1607; x_wconf 83' lang='lat' dir='ltr'><strong>caneret</strong></span> <span class='ocrx_word' id='word_1_114' title='bbox 1023 1547 1108 1610; x_wconf 90' lang='lat' dir='ltr'><strong>bella</strong></span> 
     </span>
     <span class='ocr_line' id='line_1_17' title="bbox 147 1626 1107 1713; baseline 0 -20"><span class='ocrx_word' id='word_1_115' title='bbox 147 1631 261 1694; x_wconf 90' lang='lat' dir='ltr'><strong>melius</strong></span> <span class='ocrx_word' id='word_1_116' title='bbox 283 1650 378 1712; x_wconf 90' lang='lat' dir='ltr'><strong>quam</strong></span> <span class='ocrx_word' id='word_1_117' title='bbox 393 1629 449 1713; x_wconf 91' lang='lat' dir='ltr'><strong>qui</strong></span> <span class='ocrx_word' id='word_1_118' title='bbox 464 1629 510 1693; x_wconf 90' lang='lat' dir='ltr'><strong>sic</strong></span> <span class='ocrx_word' id='word_1_119' title='bbox 524 1627 632 1713; x_wconf 80' lang='lat' dir='ltr'><strong>gerit?</strong></span> <span class='ocrx_word' id='word_1_120' title='bbox 653 1648 746 1711; x_wconf 88' lang='lat' dir='ltr'><strong>quem</strong></span> <span class='ocrx_word' id='word_1_121' title='bbox 761 1626 979 1711; x_wconf 87' lang='lat' dir='ltr'><strong>praesidentes</strong></span> <span class='ocrx_word' id='word_1_122' title='bbox 995 1630 1107 1693; x_wconf 89' lang='lat' dir='ltr'><strong>studiis</strong></span> 
     </span>
     <span class='ocr_line' id='line_1_18' title="bbox 148 1711 1108 1796; baseline 0 -19"><span class='ocrx_word' id='word_1_123' title='bbox 148 1714 225 1778; x_wconf 91' lang='lat' dir='ltr'><strong>deae</strong></span> <span class='ocrx_word' id='word_1_124' title='bbox 270 1713 425 1796; x_wconf 77' lang='lat' dir='ltr'><strong>comptius</strong></span> <span class='ocrx_word' id='word_1_125' title='bbox 447 1711 616 1777; x_wconf 79' lang='lat' dir='ltr'><strong>audirent?</strong></span> <span class='ocrx_word' id='word_1_126' title='bbox 642 1711 693 1777; x_wconf 93' lang='lat' dir='ltr'><strong>cui</strong></span> <span class='ocrx_word' id='word_1_127' title='bbox 713 1733 767 1776; x_wconf 91' lang='lat' dir='ltr'><strong>ma</strong></span> <span class='ocrx_word' id='word_1_128' title='bbox 793 1711 818 1775; x_wconf 78' lang='lat' dir='ltr'><strong>‘s</strong></span> <span class='ocrx_word' id='word_1_129' title='bbox 840 1732 912 1776; x_wconf 87' lang='lat' dir='ltr'><strong>suas</strong></span> <span class='ocrx_word' id='word_1_130' title='bbox 935 1712 1013 1776; x_wconf 89' lang='lat' dir='ltr'><strong>artis</strong></span> <span class='ocrx_word' id='word_1_131' title='bbox 1035 1735 1108 1796; x_wconf 90' lang='lat' dir='ltr'><strong>ape-</strong></span> 
     </span>
     <span class='ocr_line' id='line_1_19' title="bbox 98 1736 1107 1880; baseline -0.004 -16"><span class='ocrx_word' id='word_1_132' title='bbox 98 1799 227 1864; x_wconf 80' lang='lat' dir='ltr'><strong>92riret</strong></span> <span class='ocrx_word' id='word_1_133' title='bbox 247 1736 407 1861; x_wconf 76' lang='lat' dir='ltr'><strong>lumiliare</strong></span> <span class='ocrx_word' id='word_1_134' title='bbox 422 1818 541 1862; x_wconf 90' lang='lat' dir='ltr'><strong>numen</strong></span> <span class='ocrx_word' id='word_1_135' title='bbox 556 1795 745 1861; x_wconf 80' lang='lat' dir='ltr'><strong>Minervae?</strong></span> <span class='ocrx_word' id='word_1_136' title='bbox 787 1796 875 1860; x_wconf 90' lang='lat' dir='ltr'><strong>icent</strong></span> <span class='ocrx_word' id='word_1_137' title='bbox 889 1797 968 1860; x_wconf 85' lang='lat' dir='ltr'><strong>haec</strong></span> <span class='ocrx_word' id='word_1_138' title='bbox 981 1796 1107 1880; x_wconf 89' lang='lat' dir='ltr'><strong>plenius</strong></span> 
     </span>
     <span class='ocr_line' id='line_1_20' title="bbox 147 1879 1107 1965; baseline -0.003 -19"><span class='ocrx_word' id='word_1_139' title='bbox 147 1882 257 1946; x_wconf 88' lang='lat' dir='ltr'><strong>futura</strong></span> <span class='ocrx_word' id='word_1_140' title='bbox 279 1881 533 1946; x_wconf 87' lang='lat' dir='ltr'><strong>saecula:.nuno</strong></span> <span class='ocrx_word' id='word_1_141' title='bbox 555 1882 641 1945; x_wconf 90' lang='lat' dir='ltr'><strong>enim</strong></span> <span class='ocrx_word' id='word_1_142' title='bbox 664 1884 842 1944; x_wconf 86' lang='lat' dir='ltr'><strong>ceterarum</strong></span> <span class='ocrx_word' id='word_1_143' title='bbox 862 1879 987 1965; x_wconf 88' lang='lat' dir='ltr'><strong>fulgore</strong></span> <span class='ocrx_word' id='word_1_144' title='bbox 1009 1881 1107 1943; x_wconf 84' lang='lat' dir='ltr'><strong>virtu·</strong></span> 
     </span>
     <span class='ocr_line' id='line_1_21' title="bbox 147 1965 1107 2050; baseline -0.002 -20"><span class='ocrx_word' id='word_1_145' title='bbox 147 1973 217 2030; x_wconf 93' lang='lat' dir='ltr'><strong>tum</strong></span> <span class='ocrx_word' id='word_1_146' title='bbox 239 1965 308 2029; x_wconf 89' lang='lat' dir='ltr'><strong>laus</strong></span> <span class='ocrx_word' id='word_1_147' title='bbox 329 1967 393 2028; x_wconf 88' lang='lat' dir='ltr'><strong>ista</strong></span> <span class='ocrx_word' id='word_1_148' title='bbox 414 1965 673 2050; x_wconf 85' lang='lat' dir='ltr'><strong>praestringitur.</strong></span> <span class='ocrx_word' id='word_1_149' title='bbox 723 1985 781 2028; x_wconf 90' lang='lat' dir='ltr'><strong>nos</strong></span> <span class='ocrx_word' id='word_1_150' title='bbox 809 1968 919 2028; x_wconf 90' lang='lat' dir='ltr'><strong>tamen</strong></span> <span class='ocrx_word' id='word_1_151' title='bbox 946 1985 1036 2029; x_wconf 85' lang='lat' dir='ltr'><strong>saera</strong></span> <span class='ocrx_word' id='word_1_152' title='bbox 1058 1965 1107 2028; x_wconf 85' lang='lat' dir='ltr'><strong>lit·</strong></span> 
     </span>
     <span class='ocr_line' id='line_1_22' title="bbox 147 2047 1108 2131; baseline -0.002 -17"><span class='ocrx_word' id='word_1_153' title='bbox 147 2057 290 2114; x_wconf 84' lang='lat' dir='ltr'><strong>terarum</strong></span> <span class='ocrx_word' id='word_1_154' title='bbox 313 2048 446 2113; x_wconf 88' lang='lat' dir='ltr'><strong>colentis</strong></span> <span class='ocrx_word' id='word_1_155' title='bbox 467 2048 566 2131; x_wconf 89' lang='lat' dir='ltr'><strong>feres,</strong></span> <span class='ocrx_word' id='word_1_156' title='bbox 596 2047 728 2130; x_wconf 80' lang='lat' dir='ltr'><strong>Caesar,</strong></span> <span class='ocrx_word' id='word_1_157' title='bbox 757 2048 871 2112; x_wconf 90' lang='lat' dir='ltr'><strong>sinon</strong></span> <span class='ocrx_word' id='word_1_158' title='bbox 893 2049 1028 2112; x_wconf 88' lang='lat' dir='ltr'><strong>tacitum</strong></span> <span class='ocrx_word' id='word_1_159' title='bbox 1049 2049 1108 2112; x_wconf 88' lang='lat' dir='ltr'><strong>hoc</strong></span> 
     </span>
     <span class='ocr_line' id='line_1_23' title="bbox 149 2131 1040 2230; baseline -0.001 -32"><span class='ocrx_word' id='word_1_160' title='bbox 149 2135 361 2219; x_wconf 88' lang='lat' dir='ltr'><strong>praeterimus</strong></span> <span class='ocrx_word' id='word_1_161' title='bbox 384 2136 417 2197; x_wconf 94' lang='lat' dir='ltr'><strong>et</strong></span> <span class='ocrx_word' id='word_1_162' title='bbox 438 2131 626 2230; x_wconf 85' lang='lat' dir='ltr'><strong>Vergiliano</strong></span> <span class='ocrx_word' id='word_1_163' title='bbox 649 2136 734 2196; x_wconf 89' lang='lat' dir='ltr'><strong>certe</strong></span> <span class='ocrx_word' id='word_1_164' title='bbox 756 2153 848 2196; x_wconf 83' lang='lat' dir='ltr'><strong>versu</strong></span> <span class='ocrx_word' id='word_1_165' title='bbox 867 2135 1040 2197; x_wconf 86' lang='lat' dir='ltr'><strong>testamur:</strong></span> 
     </span>
     <span class='ocr_line' id='line_1_24' title="bbox 274 2215 1083 2300; baseline 0 -19"><span class='ocrx_word' id='word_1_166' title='bbox 274 2219 381 2281; x_wconf 92' lang='lat' dir='ltr'><strong>inter</strong></span> <span class='ocrx_word' id='word_1_167' title='bbox 402 2216 595 2280; x_wconf 85' lang='lat' dir='ltr'><strong>vietrroes</strong></span> <span class='ocrx_word' id='word_1_168' title='bbox 618 2215 803 2280; x_wconf 88' lang='lat' dir='ltr'><strong>hederam</strong></span> <span class='ocrx_word' id='word_1_169' title='bbox 824 2215 901 2279; x_wconf 92' lang='lat' dir='ltr'><strong>tibi</strong></span> <span class='ocrx_word' id='word_1_170' title='bbox 923 2237 1083 2300; x_wconf 89' lang='lat' dir='ltr'><strong>serpere</strong></span> 
     </span>
     <span class='ocr_line' id='line_1_25' title="bbox 752 2298 897 2364; baseline 0.021 -3"><span class='ocrx_word' id='word_1_171' title='bbox 752 2298 897 2364; x_wconf 80' lang='lat' dir='ltr'><strong>laurus</strong></span> 
     </span>
     <span class='ocr_line' id='line_1_26' title="bbox 98 2383 1109 2471; baseline -0.005 -18"><span class='ocrx_word' id='word_1_172' title='bbox 98 2388 140 2454; x_wconf 81' lang='lat'><strong>93</strong></span> <span class='ocrx_word' id='word_1_173' title='bbox 178 2388 195 2435; x_wconf 72' lang='lat' dir='ltr'><strong><em>s</em></strong></span> <span class='ocrx_word' id='word_1_174' title='bbox 213 2386 329 2471; x_wconf 82' lang='lat' dir='ltr'><strong>Elegia</strong></span> <span class='ocrx_word' id='word_1_175' title='bbox 358 2406 483 2470; x_wconf 90' lang='lat' dir='ltr'><strong>quoque</strong></span> <span class='ocrx_word' id='word_1_176' title='bbox 504 2383 643 2449; x_wconf 82' lang='lat' dir='ltr'><strong>Graecos</strong></span> <span class='ocrx_word' id='word_1_177' title='bbox 665 2403 889 2470; x_wconf 83' lang='lat' dir='ltr'><strong>prouocemus,</strong></span> <span class='ocrx_word' id='word_1_178' title='bbox 920 2384 1008 2448; x_wconf 88' lang='lat' dir='ltr'><strong>cuius</strong></span> <span class='ocrx_word' id='word_1_179' title='bbox 1029 2383 1109 2448; x_wconf 90' lang='lat' dir='ltr'><strong>mibi</strong></span> 
     </span>
     <span class='ocr_line' id='line_1_27' title="bbox 149 2467 1108 2554; baseline -0.004 -19"><span class='ocrx_word' id='word_1_180' title='bbox 149 2476 253 2535; x_wconf 89' lang='lat' dir='ltr'><strong>tersus</strong></span> <span class='ocrx_word' id='word_1_181' title='bbox 268 2474 364 2554; x_wconf 90' lang='lat' dir='ltr'><strong>atque</strong></span> <span class='ocrx_word' id='word_1_182' title='bbox 387 2469 517 2554; x_wconf 86' lang='lat' dir='ltr'><strong>elegans</strong></span> <span class='ocrx_word' id='word_1_183' title='bbox 539 2469 677 2536; x_wconf 85' lang='lat' dir='ltr'><strong>maxime</strong></span> <span class='ocrx_word' id='word_1_184' title='bbox 699 2467 824 2532; x_wconf 88' lang='lat' dir='ltr'><strong>videtur</strong></span> <span class='ocrx_word' id='word_1_185' title='bbox 845 2470 955 2532; x_wconf 87' lang='lat' dir='ltr'><strong>auctor</strong></span> <span class='ocrx_word' id='word_1_186' title='bbox 976 2467 1108 2533; x_wconf 83' lang='lat' dir='ltr'><strong>Tibul-</strong></span> 
     </span>
     <span class='ocr_line' id='line_1_28' title="bbox 148 2551 1108 2637; baseline -0.002 -20"><span class='ocrx_word' id='word_1_187' title='bbox 148 2555 219 2617; x_wconf 89' lang='lat' dir='ltr'><strong>lus.</strong></span> <span class='ocrx_word' id='word_1_188' title='bbox 275 2558 351 2617; x_wconf 92' lang='lat' dir='ltr'><strong>sunt</strong></span> <span class='ocrx_word' id='word_1_189' title='bbox 388 2553 443 2636; x_wconf 89' lang='lat' dir='ltr'><strong>qui</strong></span> <span class='ocrx_word' id='word_1_190' title='bbox 477 2552 729 2637; x_wconf 91' lang='lat' dir='ltr'><strong>Propertium</strong></span> <span class='ocrx_word' id='word_1_191' title='bbox 761 2551 886 2616; x_wconf 87' lang='lat' dir='ltr'><strong>malint.</strong></span> <span class='ocrx_word' id='word_1_192' title='bbox 945 2551 1108 2616; x_wconf 90' lang='lat' dir='ltr'><strong>Ovidius</strong></span> 
     </span>
     <span class='ocr_line' id='line_1_29' title="bbox 149 2634 1108 2721; baseline -0.004 -20"><span class='ocrx_word' id='word_1_193' title='bbox 149 2641 284 2721; x_wconf 87' lang='lat' dir='ltr'><strong>utroque</strong></span> <span class='ocrx_word' id='word_1_194' title='bbox 305 2637 462 2720; x_wconf 86' lang='lat' dir='ltr'><strong>lascivior,</strong></span> <span class='ocrx_word' id='word_1_195' title='bbox 485 2637 568 2701; x_wconf 88' lang='lat' dir='ltr'><strong>sicut</strong></span> <span class='ocrx_word' id='word_1_196' title='bbox 589 2636 697 2700; x_wconf 89' lang='lat' dir='ltr'><strong>durior</strong></span> <span class='ocrx_word' id='word_1_197' title='bbox 718 2634 868 2700; x_wconf 85' lang='lat' dir='ltr'><strong>Gallus.</strong></span> <span class='ocrx_word' id='word_1_198' title='bbox 911 2638 1021 2699; x_wconf 89' lang='lat' dir='ltr'><strong>satura</strong></span> <span class='ocrx_word' id='word_1_199' title='bbox 1042 2637 1108 2717; x_wconf 91' lang='lat' dir='ltr'><strong>qui-</strong></span> 
     </span>
    </p>
   </div>
   <div class='ocr_carea' id='block_1_3' title="bbox 141 2718 1108 2868">
    <p class='ocr_par' dir='ltr' id='par_1_3' title="bbox 141 2718 1108 2868">
     <span class='ocr_line' id='line_1_30' title="bbox 141 2718 1108 2868; baseline -0.006 -81"><span class='ocrx_word' id='word_1_200' title='bbox 141 2723 222 2791; x_wconf 82' lang='lat' dir='ltr'><strong>dem</strong></span> <span class='ocrx_word' id='word_1_201' title='bbox 243 2724 313 2785; x_wconf 91' lang='lat' dir='ltr'><strong>tota</strong></span> <span class='ocrx_word' id='word_1_202' title='bbox 333 2724 444 2785; x_wconf 87' lang='lat' dir='ltr'><strong>nostra</strong></span> <span class='ocrx_word' id='word_1_203' title='bbox 460 2724 518 2803; x_wconf 92' lang='lat' dir='ltr'><strong>est,</strong></span> <span class='ocrx_word' id='word_1_204' title='bbox 542 2720 578 2784; x_wconf 91' lang='lat' dir='ltr'><strong>in</strong></span> <span class='ocrx_word' id='word_1_205' title='bbox 592 2741 655 2868; x_wconf 64' lang='lat' dir='ltr'><strong>pua</strong></span> <span class='ocrx_word' id='word_1_206' title='bbox 669 2720 790 2803; x_wconf 92' lang='lat' dir='ltr'><strong>primus</strong></span> <span class='ocrx_word' id='word_1_207' title='bbox 807 2719 967 2804; x_wconf 76' lang='lat' dir='ltr'><strong>insignem</strong></span> <span class='ocrx_word' id='word_1_208' title='bbox 981 2718 1108 2782; x_wconf 91' lang='lat' dir='ltr'><strong>laudem</strong></span> 
     </span>
    </p>
   </div>
   <div class='ocr_carea' id='block_1_4' title="bbox 99 2801 1110 3560">
    <p class='ocr_par' dir='ltr' id='par_1_4' title="bbox 99 2801 1110 3560">
     <span class='ocr_line' id='line_1_31' title="bbox 150 2801 1109 2889; baseline -0.004 -19"><span class='ocrx_word' id='word_1_209' title='bbox 150 2807 283 2889; x_wconf 92' lang='lat' dir='ltr'><strong>adeptus</strong></span> <span class='ocrx_word' id='word_1_210' title='bbox 305 2802 483 2870; x_wconf 82' lang='lat' dir='ltr'><strong>Luciliirs</strong></span> <span class='ocrx_word' id='word_1_211' title='bbox 512 2823 590 2888; x_wconf 90' lang='lat' dir='ltr'><strong>quos</strong></span> <span class='ocrx_word' id='word_1_212' title='bbox 613 2825 665 2868; x_wconf 92' lang='lat' dir='ltr'><strong>am</strong></span> <span class='ocrx_word' id='word_1_213' title='bbox 694 2803 739 2867; x_wconf 88' lang='lat' dir='ltr'><strong>ita</strong></span> <span class='ocrx_word' id='word_1_214' title='bbox 767 2803 889 2868; x_wconf 90' lang='lat' dir='ltr'><strong>deditos</strong></span> <span class='ocrx_word' id='word_1_215' title='bbox 916 2802 976 2866; x_wconf 92' lang='lat' dir='ltr'><strong>sibi</strong></span> <span class='ocrx_word' id='word_1_216' title='bbox 1005 2801 1109 2866; x_wconf 88' lang='lat' dir='ltr'><strong>adhue</strong></span> 
     </span>
     <span class='ocr_line' id='line_1_32' title="bbox 149 2885 1109 2972; baseline -0.003 -20"><span class='ocrx_word' id='word_1_217' title='bbox 149 2890 249 2954; x_wconf 91' lang='lat' dir='ltr'><strong>habet</strong></span> <span class='ocrx_word' id='word_1_218' title='bbox 276 2893 448 2972; x_wconf 88' lang='lat' dir='ltr'><strong>amatores,</strong></span> <span class='ocrx_word' id='word_1_219' title='bbox 476 2893 513 2953; x_wconf 91' lang='lat' dir='ltr'><strong>ut</strong></span> <span class='ocrx_word' id='word_1_220' title='bbox 541 2909 614 2953; x_wconf 89' lang='lat' dir='ltr'><strong>eum</strong></span> <span class='ocrx_word' id='word_1_221' title='bbox 635 2909 701 2952; x_wconf 90' lang='lat' dir='ltr'><strong>non</strong></span> <span class='ocrx_word' id='word_1_222' title='bbox 730 2887 870 2952; x_wconf 90' lang='lat' dir='ltr'><strong>eiusdem</strong></span> <span class='ocrx_word' id='word_1_223' title='bbox 890 2885 982 2949; x_wconf 91' lang='lat' dir='ltr'><strong>modo</strong></span> <span class='ocrx_word' id='word_1_224' title='bbox 1005 2886 1109 2968; x_wconf 91' lang='lat' dir='ltr'><strong>operis</strong></span> 
     </span>
     <span class='ocr_line' id='line_1_33' title="bbox 151 2970 1109 3058; baseline -0.005 -20"><span class='ocrx_word' id='word_1_225' title='bbox 151 2974 345 3058; x_wconf 89' lang='lat' dir='ltr'><strong>auctoribus,</strong></span> <span class='ocrx_word' id='word_1_226' title='bbox 374 2975 429 3038; x_wconf 91' lang='lat' dir='ltr'><strong>sed</strong></span> <span class='ocrx_word' id='word_1_227' title='bbox 458 2973 605 3038; x_wconf 89' lang='lat' dir='ltr'><strong>omnibus</strong></span> <span class='ocrx_word' id='word_1_228' title='bbox 626 2971 730 3058; x_wconf 91' lang='lat' dir='ltr'><strong>poetis</strong></span> <span class='ocrx_word' id='word_1_229' title='bbox 751 2970 910 3054; x_wconf 87' lang='lat' dir='ltr'><strong>praeferre</strong></span> <span class='ocrx_word' id='word_1_230' title='bbox 931 2988 997 3033; x_wconf 92' lang='lat' dir='ltr'><strong>non</strong></span> <span class='ocrx_word' id='word_1_231' title='bbox 1019 2970 1109 3034; x_wconf 90' lang='lat' dir='ltr'><strong>dubi-</strong></span> 
     </span>
     <span class='ocr_line' id='line_1_34' title="bbox 99 3051 1109 3143; baseline -0.003 -21"><span class='ocrx_word' id='word_1_232' title='bbox 99 3059 142 3124; x_wconf 81' lang='lat'><strong>94</strong></span> <span class='ocrx_word' id='word_1_233' title='bbox 150 3061 231 3121; x_wconf 89' lang='lat' dir='ltr'><strong>tent.</strong></span> <span class='ocrx_word' id='word_1_234' title='bbox 263 3079 323 3143; x_wconf 85' lang='lat' dir='ltr'><strong>ego</strong></span> <span class='ocrx_word' id='word_1_235' title='bbox 345 3060 501 3141; x_wconf 92' lang='lat' dir='ltr'><strong>quantum</strong></span> <span class='ocrx_word' id='word_1_236' title='bbox 522 3058 563 3121; x_wconf 92' lang='lat' dir='ltr'><strong>ab</strong></span> <span class='ocrx_word' id='word_1_237' title='bbox 582 3056 657 3140; x_wconf 89' lang='lat' dir='ltr'><strong>illis,</strong></span> <span class='ocrx_word' id='word_1_238' title='bbox 679 3058 806 3119; x_wconf 88' lang='lat' dir='ltr'><strong>tantum</strong></span> <span class='ocrx_word' id='word_1_239' title='bbox 828 3054 868 3117; x_wconf 89' lang='lat' dir='ltr'><strong>ab</strong></span> <span class='ocrx_word' id='word_1_240' title='bbox 890 3051 1025 3117; x_wconf 89' lang='lat' dir='ltr'><strong>Horatio</strong></span> <span class='ocrx_word' id='word_1_241' title='bbox 1047 3055 1109 3119; x_wconf 90' lang='lat' dir='ltr'><strong>dis-</strong></span> 
     </span>
     <span class='ocr_line' id='line_1_35' title="bbox 151 3138 1110 3224; baseline -0.003 -18"><span class='ocrx_word' id='word_1_242' title='bbox 151 3141 264 3223; x_wconf 91' lang='lat' dir='ltr'><strong>sentio,</strong></span> <span class='ocrx_word' id='word_1_243' title='bbox 294 3143 349 3224; x_wconf 90' lang='lat' dir='ltr'><strong>qui</strong></span> <span class='ocrx_word' id='word_1_244' title='bbox 370 3141 528 3205; x_wconf 91' lang='lat' dir='ltr'><strong>Lucilium</strong></span> <span class='ocrx_word' id='word_1_245' title='bbox 550 3140 678 3206; x_wconf 88' lang='lat' dir='ltr'><strong>fluere</strong></span> <span class='ocrx_word' id='word_1_246' title='bbox 705 3138 949 3203; x_wconf 83' lang='lat' dir='ltr'><strong>lutulentum</strong></span> <span class='ocrx_word' id='word_1_247' title='bbox 971 3143 1003 3202; x_wconf 91' lang='lat' dir='ltr'><strong>et</strong></span> <span class='ocrx_word' id='word_1_248' title='bbox 1025 3160 1110 3203; x_wconf 91' lang='lat' dir='ltr'><strong>esse</strong></span> 
     </span>
     <span class='ocr_line' id='line_1_36' title="bbox 151 3224 1109 3310; baseline -0.003 -20"><span class='ocrx_word' id='word_1_249' title='bbox 151 3225 318 3310; x_wconf 90' lang='lat' dir='ltr'><strong>aliquid,</strong></span> <span class='ocrx_word' id='word_1_250' title='bbox 342 3226 442 3309; x_wconf 91' lang='lat' dir='ltr'><strong>quod</strong></span> <span class='ocrx_word' id='word_1_251' title='bbox 463 3224 608 3289; x_wconf 83' lang='lat' dir='ltr'><strong>tollere</strong></span> <span class='ocrx_word' id='word_1_252' title='bbox 629 3224 777 3309; x_wconf 88' lang='lat' dir='ltr'><strong>possis,</strong></span> <span class='ocrx_word' id='word_1_253' title='bbox 799 3224 903 3306; x_wconf 89' lang='lat' dir='ltr'><strong>putat.</strong></span> <span class='ocrx_word' id='word_1_254' title='bbox 941 3245 1017 3286; x_wconf 88' lang='lat' dir='ltr'><strong>nam</strong></span> <span class='ocrx_word' id='word_1_255' title='bbox 1039 3245 1109 3287; x_wconf 90' lang='lat' dir='ltr'><strong>eru-</strong></span> 
     </span>
     <span class='ocr_line' id='line_1_37' title="bbox 151 3307 1110 3392; baseline -0.004 -17"><span class='ocrx_word' id='word_1_256' title='bbox 151 3311 229 3376; x_wconf 89' lang='lat' dir='ltr'><strong>ditio</strong></span> <span class='ocrx_word' id='word_1_257' title='bbox 256 3309 292 3373; x_wconf 93' lang='lat' dir='ltr'><strong>in</strong></span> <span class='ocrx_word' id='word_1_258' title='bbox 314 3330 351 3373; x_wconf 90' lang='lat' dir='ltr'><strong>eo</strong></span> <span class='ocrx_word' id='word_1_259' title='bbox 374 3310 455 3372; x_wconf 89' lang='lat' dir='ltr'><strong>mira</strong></span> <span class='ocrx_word' id='word_1_260' title='bbox 477 3312 510 3372; x_wconf 90' lang='lat' dir='ltr'><strong>et</strong></span> <span class='ocrx_word' id='word_1_261' title='bbox 530 3308 662 3372; x_wconf 88' lang='lat' dir='ltr'><strong>libertas</strong></span> <span class='ocrx_word' id='word_1_262' title='bbox 685 3311 779 3392; x_wconf 89' lang='lat' dir='ltr'><strong>atque</strong></span> <span class='ocrx_word' id='word_1_263' title='bbox 799 3307 875 3371; x_wconf 90' lang='lat' dir='ltr'><strong>inde</strong></span> <span class='ocrx_word' id='word_1_264' title='bbox 897 3308 1056 3372; x_wconf 87' lang='lat' dir='ltr'><strong>acerbitas</strong></span> <span class='ocrx_word' id='word_1_265' title='bbox 1078 3314 1110 3371; x_wconf 89' lang='lat' dir='ltr'><strong>et</strong></span> 
     </span>
     <span class='ocr_line' id='line_1_38' title="bbox 152 3392 1109 3475; baseline -0.006 -16"><span class='ocrx_word' id='word_1_266' title='bbox 152 3394 277 3459; x_wconf 90' lang='lat' dir='ltr'><strong>abunde</strong></span> <span class='ocrx_word' id='word_1_267' title='bbox 299 3393 385 3457; x_wconf 90' lang='lat' dir='ltr'><strong>salis.</strong></span> <span class='ocrx_word' id='word_1_268' title='bbox 416 3392 552 3456; x_wconf 90' lang='lat' dir='ltr'><strong>multum</strong></span> <span class='ocrx_word' id='word_1_269' title='bbox 575 3414 612 3457; x_wconf 92' lang='lat' dir='ltr'><strong>eo</strong></span> <span class='ocrx_word' id='word_1_270' title='bbox 634 3396 683 3457; x_wconf 90' lang='lat' dir='ltr'><strong>est</strong></span> <span class='ocrx_word' id='word_1_271' title='bbox 704 3392 818 3456; x_wconf 87' lang='lat' dir='ltr'><strong>tersior</strong></span> <span class='ocrx_word' id='word_1_272' title='bbox 839 3412 876 3456; x_wconf 90' lang='lat' dir='ltr'><strong>ao</strong></span> <span class='ocrx_word' id='word_1_273' title='bbox 894 3412 993 3475; x_wconf 89' lang='lat' dir='ltr'><strong>purus</strong></span> <span class='ocrx_word' id='word_1_274' title='bbox 1006 3393 1109 3473; x_wconf 87' lang='lat' dir='ltr'><strong>magis</strong></span> 
     </span>
     <span class='ocr_line' id='line_1_39' title="bbox 150 3475 1108 3560; baseline -0.006 -17"><span class='ocrx_word' id='word_1_275' title='bbox 150 3479 343 3543; x_wconf 90' lang='lat' dir='ltr'><strong>Horatius</strong></span> <span class='ocrx_word' id='word_1_276' title='bbox 368 3480 416 3560; x_wconf 94' lang='lat' dir='ltr'><strong>et,</strong></span> <span class='ocrx_word' id='word_1_277' title='bbox 450 3476 513 3540; x_wconf 91' lang='lat' dir='ltr'><strong>nisi</strong></span> <span class='ocrx_word' id='word_1_278' title='bbox 540 3476 632 3542; x_wconf 87' lang='lat' dir='ltr'><strong>la&#39;bor</strong></span> <span class='ocrx_word' id='word_1_279' title='bbox 660 3477 727 3540; x_wconf 89' lang='lat' dir='ltr'><strong>eius</strong></span> <span class='ocrx_word' id='word_1_280' title='bbox 755 3497 876 3559; x_wconf 89' lang='lat' dir='ltr'><strong>amore,</strong></span> <span class='ocrx_word' id='word_1_281' title='bbox 908 3475 1108 3559; x_wconf 89' lang='lat' dir='ltr'><strong>praecipuus.</strong></span> 
     </span>
    </p>
   </div>
   <div class='ocr_carea' id='block_1_5' title="bbox 0 0 1211 3984">
    <p class='ocr_par' dir='ltr' id='par_1_5' title="bbox 0 0 1211 3984">
     <span class='ocr_line' id='line_1_40' title="bbox 0 0 1211 3984; baseline 0 0"><span class='ocrx_word' id='word_1_282' title='bbox 0 0 1211 3984; x_wconf 95' lang='lat' dir='ltr'><strong> </strong></span> 
     </span>
    </p>
   </div>
  </div>
 </body>
</html>
