2400 3984
386 231 421 278 x.
455 233 483 277 e.
499 225 526 296 a,
549 225 668 277 ae-ea.
697 225 724 295 r,
738 226 763 278 1.
1014 211 1057 278 35

93 400 218 464 semper
233 381 294 444 erit
307 382 439 464 propter
453 380 537 464 quod
550 379 643 444 nobis
658 379 898 465 ignoscamus!
908 401 1006 464 quare
1020 377 1108 445 11130

92 465 205 546 turba,
235 465 368 548 itinere,
400 463 553 528 conviviis
575 464 673 529 etiam
693 464 795 528 faciat
814 465 875 529 sibi
903 464 1057 549 cogitatio

92 548 165 632 ipsa
187 552 355 613 secretum.
407 549 461 613 uid
477 548 596 632 alioqui
610 548 677 631 fiet,
702 570 774 613 cnm
790 548 826 613 in
847 549 951 613 medio
972 549 1054 633 foro,

93 635 143 696 tot
167 570 449 697 circumstantibus
470 632 615 716 iudiciis,
639 633 768 719 iurgiis,
792 632 935 697 fortuitis
957 633 1056 697 etiam

94 715 297 800 clamoribus,
322 717 384 782 erit
406 717 511 781 subito
535 717 687 781 continua
709 718 854 781 oratione
876 716 1055 801 dicendum,

92 801 124 947 {i
141 801 332 899 particulas,
363 823 441 885 quas
471 801 552 865 ceris
573 801 777 949 maendamqs,
804 801 868 865 nisi
888 801 934 948 1111
945 801 1055 948 101111111-

114 906 167 948 me
189 906 224 949 re
248 905 330 950 crire
351 905 418 950 non
463 905 608 950 ossumus
675 906 710 949 ro
750 906 784 949 er
819 907 880 949 uae
901 907 913 948 1
935 905 1056 948 emre

93 972 206 1033 tantus
224 908 353 1033 Idmator
374 908 489 1034 seertei
503 908 736 1033 Demostbtnet
751 969 786 1034 in
798 907 913 1052 litore,
936 969 971 1033 in
993 990 1056 1052 quo

94 1073 128 1116 se
149 1055 288 1118 maximo
312 1075 384 1118 eum
398 1074 477 1117 sono
492 1052 608 1117 fluctus
623 1053 783 1137 inlideret,
806 1053 966 1117 meditans
982 1074 1056 1117 con-

93 1137 261 1202 suescebat
276 1138 461 1202 contionum
481 1137 628 1202 fremitus
649 1159 717 1201 non
739 1158 958 1222 expavescere.

155 1221 217 1285 Illa
238 1243 362 1306 quoque
383 1221 508 1285 minora
529 1220 600 1368 gued
621 1221 705 1286 nihil
726 1222 762 1286 in
784 1221 897 1286 studiis
919 1242 1055 1305 parvum
1063 1220 1104 1284 31

94 1306 156 1389 est)
178 1327 246 1370 non
268 1309 344 1370 sunt
373 1308 585 1370 transenna:
623 1306 720 1370 scribi
748 1306 867 1388 optime
896 1305 992 1388 ceris,
1019 1305 1056 1369 in

93 1390 207 1473 quibus
234 1390 388 1454 facillima
416 1392 465 1453 est
485 1389 568 1453 ratio
596 1389 738 1473 delendi,
767 1389 831 1454 nisi
857 1390 941 1453 forte
969 1389 1055 1453 visus

93 1474 249 1538 infirmior
271 1475 528 1538 membranarum
542 1474 649 1558 potius
663 1495 756 1539 usum
778 1473 894 1558 exiget,
917 1493 998 1558 quae
1019 1474 1058 1536 ut

93 1559 207 1622 iuvant
228 1558 339 1641 aciem,
361 1558 409 1622 ita
431 1558 542 1621 crebra
563 1557 735 1641 relatione,
763 1558 868 1643 quoad
888 1557 1056 1643 intingun-

93 1647 146 1706 tur
175 1642 306 1724 calami,
340 1644 506 1707 morantur
533 1663 663 1705 manum
696 1645 730 1706 et
761 1642 966 1726 cogitationis
998 1641 1056 1704 im-

93 1729 204 1811 petum
229 1727 397 1810 frangunt.
451 1725 678 1808 relinquendae
706 1728 814 1790 autem
840 1727 876 1790 in
903 1724 1107 1791 utrolibet32

94 1832 213 1895 genere
230 1814 342 1875 contra
353 1811 448 1873 erunt
462 1830 582 1873 vacuae
596 1808 746 1890 tabellae,
770 1811 805 1874 in
819 1809 933 1893 quibus
954 1808 1058 1872 libera

95 1894 261 1959 adiciendo
276 1895 319 1957 sit
334 1892 487 1957 excursio.
515 1913 591 1957 nam
613 1893 743 1958 interim
764 1894 929 1978 pigritiam
951 1914 1057 1957 emen·

95 1978 191 2043 dandi
220 1977 389 2062 angustiae
421 1977 547 2041 faciunt
575 1981 631 2042 aut
659 1980 744 2042 certe
777 1998 933 2042 novorum
958 1977 1058 2041 inter·

94 2062 252 2209 posiltione
273 2061 380 2144 priora
402 2061 612 2208 confunldant.
654 2083 696 2125 ne
709 2061 951 2208 1lssatasquidem
971 2060 1057 2208 ultra

94 2167 146 2209 mo
169 2168 223 2210 um
257 2167 324 2210 esse
358 2167 446 2210 ceras
479 2166 576 2209 verm
628 2166 708 2210 exe
740 2166 777 2209 us
810 2166 958 2209 ruvenem
992 2167 1057 2208 su-

95 2232 218 2294 diosum
247 2228 365 2315 alioqui
386 2169 753 2314 praelongos'habdisse
780 2250 954 2311 sermones,
982 2229 1058 2311 quia

95 2315 167 2378 illos
181 2335 315 2377 numero
330 2335 479 2378 versuum
495 2313 697 2394 metiebatur,
714 2312 810 2397 idque
823 2313 948 2395 vitium,
973 2311 1057 2394 quod

95 2398 255 2480 frequenti
278 2397 495 2463 admonitione
519 2397 635 2482 corrigi
656 2418 722 2461 non
742 2400 901 2481 potuerat,
924 2396 1057 2460 mutatis

98 2481 259 2546 codicibus
281 2502 349 2546 esse
371 2481 542 2545 sublatum.
588 2481 682 2545 debet
704 2502 819 2545 vacare
842 2481 937 2545 etiam
957 2480 1056 2563 locus,
1066 2481 1108 2546 33

94 2567 131 2630 in
153 2586 215 2649 quo
236 2568 392 2629 notentur
412 2586 493 2648 quae
521 2564 734 2629 scribentibus
762 2564 868 2629 solent
889 2567 980 2630 extra
1009 2586 1058 2628 or-

96 2650 219 2730 dinem,
246 2648 351 2713 idest
373 2670 411 2714 ex
433 2648 521 2731 aliis,
550 2670 646 2732 quam
673 2650 727 2733 qui
754 2651 888 2713 suntin
909 2648 1058 2712 manibus

95 2734 168 2817 loci,
185 2754 359 2798 occurrere.
382 2735 573 2816 inrumpunt
588 2732 674 2797 enim
689 2733 802 2816 optimi
816 2753 961 2796 nonnum
985 2753 1058 2796 uam

96 2839 223 2900 sensus,
257 2838 335 2902 quos
360 2838 463 2902 neque
485 2817 626 2880 inserere
653 2820 779 2900 oportet
806 2837 910 2899 neque
932 2754 1059 2879 dillerre

96 2905 202 2968 tutum
218 2905 276 2986 est,
299 2901 374 2986 quia
387 2900 518 2965 interim
533 2899 712 2984 elabuntur,
734 2900 864 2963 interim
886 2900 1058 2964 memoriae

96 2987 145 3051 sui
174 2987 317 3051 intentos
350 2986 391 3049 ab
420 2984 482 3049 alia
514 2984 700 3048 inventione
733 2982 898 3048 declinant
925 2982 1058 3068 ideoque

97 3071 216 3155 optime
239 3071 371 3135 suntin
392 3069 546 3154 deposito.

164 3153 222 3218 IV.
247 3154 396 3239 Sequitur
418 3152 654 3234 emendatio,
678 3173 753 3236 pars
768 3151 944 3216 studiorum
958 3151 1056 3235 longe

96 3237 282 3303 utilissima:
311 3260 415 3322 neque
438 3239 524 3302 enim
546 3237 616 3302 sine
639 3258 734 3302 causa
757 3236 912 3301 creditum
933 3242 983 3300 est
1004 3235 1060 3299 sti·

96 3324 164 3387 lum
178 3343 245 3387 non
259 3322 366 3385 minus
382 3343 488 3407 agere,
506 3343 578 3386 eum
593 3320 687 3385 delet
722 3319 817 3385 huius
833 3323 939 3384 autem
954 3319 1060 3402 operis

96 3410 146 3471 est
168 3407 308 3488 adicere,
337 3406 519 3490 detrahere,
542 3409 678 3470 mutare.
728 3406 783 3469 sed
809 3404 935 3468 facilius
956 3404 992 3466 in
1018 3403 1059 3467 iis

99 3491 337 3576 simpliciusque
359 3488 521 3574 iudicium,
545 3511 625 3574 quae
647 3488 800 3573 replenda
820 3487 872 3552 vel
894 3487 1060 3552 deicienda

872 3590 908 3643 30
