2400 3984
143 203 188 267 40
423 219 641 280 omurmmm
663 220 752 269 1usr.
776 222 832 269 aa.

146 372 201 453 qui
225 371 382 434 rationem
404 370 589 435 inveniendi
616 372 844 455 eloquendique
872 394 891 436 a
918 376 1105 457 praecepto·

146 455 234 519 ribus
256 455 429 539 diligenter
451 457 610 539 acceperit
633 455 729 552 (quod
750 477 817 520 uon
832 459 881 520 est
895 457 1016 521 infiniti
1029 478 1104 540 ope·

146 540 201 622 ris,
227 539 255 603 si
276 539 388 603 dooere
411 539 516 603 sciant
537 542 570 602 et
590 539 721 624 velint),
744 540 1005 604 exercitationem
1027 562 1105 624 quo-

146 644 207 707 que
222 623 378 687 modicam
388 622 486 687 fuerit
498 626 696 706 consecutus,
713 627 870 688 oratorem
881 624 941 688 sibi
954 624 1103 708 aliquem,

146 707 230 791 quod
254 707 338 791 apud
359 707 494 771 maiores
516 707 586 771 fieri
606 707 743 791 solebat,
771 708 906 792 deligat,
935 729 1029 790 quem
1057 731 1105 773 se-

146 795 272 875 quatur,
297 813 390 875 quem
411 792 574 855 imitetur:
593 791 719 855 iudiciis
740 792 869 856 intersit
889 813 984 875 quam
1005 792 1107 875 pluri·

146 877 207 939 mis
230 878 263 940 et
283 876 326 938 sit
350 874 542 957 certaminis,
567 875 617 940 cui
639 876 826 959 destinatur,
849 876 999 958 frequens
1014 897 1108 959 spec·

94 955 243 1024 20tator.
287 963 356 1022 tum
379 980 490 1022 causas
517 957 568 1023 vel
596 959 738 1042 easdem,
767 981 845 1045 quas
873 959 927 1044 agi
955 960 1107 1043 audierit,

147 1043 221 1108 stilo
244 1044 365 1125 etipse
388 1046 568 1126 componat,
592 1043 641 1106 vel
664 1044 760 1107 etiam
780 1043 869 1126 alias,
893 1064 984 1107 veras
999 1045 1108 1122 modo,

148 1131 180 1191 et
201 1128 360 1211 utrimque
388 1129 506 1190 tractet
533 1130 582 1209 et,
610 1128 693 1210 quod
714 1128 750 1190 in
776 1126 1007 1211 gladiatoribus
1033 1128 1108 1192 fieri

92 1211 98 1221 ”
145 1211 305 1294 videmus,
335 1211 518 1275 decretoriis
547 1214 747 1294 exerceatur,
774 1214 811 1274 ut
831 1211 945 1276 fecisse
967 1209 1106 1276 Brutum

147 1295 283 1358 diximus
310 1316 368 1377 pro
393 1294 524 1360 Milone.
575 1294 687 1358 melius
719 1294 780 1359 hoe
808 1316 903 1378 quam
931 1295 1110 1360 rescribere

147 1378 307 1443 veteribus
319 1379 527 1461 orationibus,
543 1381 579 1442 ut
593 1378 671 1442 fecit
680 1377 802 1444 Cestius
819 1382 930 1442 eontra
942 1376 1109 1445 Ciceronis

148 1463 306 1527 actionem
327 1463 471 1526 habitam
493 1484 551 1545 pro
578 1463 703 1545 eodem,
733 1484 804 1526 eum
824 1461 958 1526 alteram
979 1466 1110 1547 partem

148 1547 224 1611 satis
246 1568 339 1610 nosse
354 1568 421 1610 non
442 1549 551 1629 posset
572 1567 611 1611 ex
633 1547 701 1610 sola
722 1545 917 1611 defensione.

95 1644 137 1710 21
212 1630 314 1696 Citius
336 1633 442 1694 autem
462 1630 490 1694 is
512 1630 644 1694 idoneus
668 1630 728 1694 erit
749 1630 881 1714 iuvenis,
926 1651 999 1694 uem
1013 1652 1107 1714 prae-

149 1718 258 1799 ceptor
281 1714 422 1799 coegerit
443 1715 478 1778 in
493 1714 700 1779 declamando
715 1736 811 1798 quam
826 1653 1021 1778 simillimum
1037 1735 1109 1779 esse

147 1798 276 1863 veritati
303 1801 336 1863 et
363 1819 420 1881 per
446 1801 532 1863 totas
563 1799 611 1863 ire
643 1800 810 1881 materias,
851 1819 985 1882 quarum
1017 1820 1108 1863 nunc

147 1882 302 1946 facillima
324 1885 356 1946 et
376 1883 514 1946 maxime
537 1882 725 1946 favorabilia
746 1883 930 1966 decerpunt.
975 1883 1110 1946 obstant

147 1966 237 2049 huie,
260 1966 344 2049 quod
365 1967 504 2031 secundo
531 1967 600 2031 loco
628 1967 720 2063 posui
726 2015 735 2048 ,
763 1967 830 2031 fere
852 1967 946 2063 turba
968 1966 1105 2063 discipu-

147 2051 250 2114 lorum
272 2053 305 2114 et
327 2050 521 2115 consuetudo
543 2049 692 2114 classrum
721 2051 814 2115 certis
842 2050 952 2114 d1ebus
975 2050 1106 2114 audien·

147 2134 271 2216 darum,
286 2134 436 2198 nonnihil
447 2133 544 2197 etiam
554 2134 717 2216 persuasio
725 2137 855 2230 patrum
867 2134 1106 2198 numerantium

95 2218 253 2300 22p0tius
275 2217 522 2282 declamationes
544 2239 639 2301 quam
654 2218 901 2282 aestimantium.
932 2218 998 2300 sed,
1021 2220 1106 2301 quod

147 2302 212 2365 dixi
235 2302 347 2385 primo,
370 2304 408 2365 ut
422 2302 569 2385 arbitror,
591 2301 683 2384 libro,
706 2323 767 2366 nec
781 2301 835 2366 ille
850 2323 883 2366 se
898 2303 1000 2367 bonus
1015 2324 1108 2386 prae-

148 2388 258 2482 ceptor
272 2385 391 2530 maiqre
405 2406 537 2482 nurnero
552 2406 653 2483 qnam·
660 2386 817 2450 sustinere
838 2386 941 2483 possit
960 2386 1107 2451 onerabit

148 2470 1108 2651 ltttttdtffltlftttttutltdtltmt

146 2658 219 2700 rum
233 2638 349 2700 natura
383 2636 541 2719 d1cantur,
564 2639 596 2701 et
617 2637 668 2701 vel
688 2637 834 2722 longiore
878 2642 962 2703 ot1us
983 2639 1107 2702 dierum

150 2720 254 2803 spatio
276 2685 399 2784 laxabit
421 2720 547 2785 dicendi
568 2722 794 2786 necessitatem
815 2661 877 2787 vel
887 2723 1037 2786 materias
1061 2722 1106 2785 di-

95 2804 255 2886 23videre
282 2803 457 2886 permittet.
513 2803 685 2889 diligenter
717 2806 829 2871 effecta
861 2807 933 2890 plus
964 2806 1111 2889 proderit

148 2909 244 2971 quam
266 2889 372 2971 plures
393 2888 562 2953 inchoatae
585 2892 617 2953 et
638 2890 730 2974 qnasi
744 2890 942 2974 degustatae.
976 2892 1109 2972 propter

169 2972 230 3035 uod
253 2972 386 3054 accidit,
409 2975 445 3036 ut
465 2995 526 3038 nec
547 2994 604 3037 sno
625 2972 694 3039 loco
716 2975 791 3058 qnid
814 2994 853 3037 ue
874 2975 1022 3055 ponatur,
1046 2993 1108 3036 nec

148 2993 207 3118 illa
251 3076 311 3119 uae
325 3057 430 3139 prima
444 3060 520 3121 sunt
540 3061 669 3121 servent
690 3079 780 3121 snam
792 2995 914 3140 legem,
928 3055 1108 3151 'iuvenibus

147 3138 224 3203 flosc
259 3160 294 3202 os
309 3140 451 3204 omnium
466 3141 606 3224 partium
621 3140 657 3204 in
672 3162 709 3204 ea
725 3161 806 3224 quae
818 3143 894 3203 sunt
905 3139 1021 3203 dicturi
1033 3162 1109 3204 con·

147 3223 349 3306 gerentibus:
365 3245 427 3307 quo
441 3224 479 3288 fit
494 3227 530 3288 ut
543 3224 704 3307 timentes,
721 3244 762 3288 ne
777 3223 944 3307 sequentia
957 3224 1107 3308 perdant,

146 3307 255 3390 priora
277 3307 487 3371 confundant.

210 3390 267 3455 VI.
296 3389 447 3455 Proxima
469 3390 543 3455 stilo
566 3391 767 3476 cogitatio
790 3396 855 3475 est,
879 3415 960 3477 quae
983 3395 1016 3456 et
1036 3392 1109 3475 ipsa

145 3475 228 3538 vires
258 3475 298 3538 ab
325 3475 387 3539 hoc
408 3475 526 3560 accipit
547 3477 580 3539 et
600 3478 651 3540 est
672 3477 758 3541 inter
783 3476 944 3542 scribendi
965 3477 1109 3540 laborem
1154 3510 1161 3519 ·
