2400 3984
164 97 206 161 26
435 112 654 174 corruantur
676 114 765 162 mss.
790 114 846 163 on.

164 264 293 348 quidam
319 264 458 349 pictores
479 265 514 329 in
535 265 568 329 id
590 264 690 329 solum
713 265 857 346 student,
885 267 923 329 ut
944 264 1127 332 describere

136 348 290 426 7tabulas
312 349 469 413 mensuris
492 370 529 414 ao
551 349 644 413 lineis
667 349 780 413 sciant.
810 352 902 432 turpe
924 349 1021 413 etiam
1042 351 1125 415 illud

164 436 222 515 est,
247 435 434 497 contentum
456 455 523 497 esse
546 432 580 496 id
602 433 750 517 consequi
765 433 848 516 quod
870 433 1015 497 imiteris.
1045 456 1124 499 nam

162 538 271 581 rursus
292 517 369 600 quid
383 520 453 581 erat
472 517 626 600 futurum,
648 517 790 581 sinemo
812 516 884 600 plus
906 517 1063 583 effecisset
1085 540 1124 583 eo

162 622 259 684 quem
277 600 491 685 sequebatur?
518 600 601 665 nihil
622 602 657 664 in
678 601 781 684 poetis
804 622 899 683 supra
914 599 1039 665 Livium
1053 602 1123 667 An·

162 685 335 769 (ironicum,
357 685 439 749 nihil
460 686 495 749 in
517 684 658 748 historiis
674 706 771 769 supra
783 683 971 768 pontificum
987 686 1123 751 annales

163 770 362 851 haberemus,
392 769 515 833 ratibus
545 767 647 833 adhuc
668 771 909 852 navigaremus:
941 789 1008 831 non
1038 773 1124 834 esset

149 853 303 936 pictura,
337 853 402 917 nisi
434 874 515 936 quae
542 853 645 918 hneas
671 853 764 917 modo
792 856 949 916 extremas
976 852 1121 937 umbrae,

133 955 257 1020 8quam
280 958 412 1021 corpora
432 937 468 1001 in
490 936 556 1002 sole
575 936 739 1018 fecissent,
764 935 1045 1000 circumscriberet.
1084 959 1124 1002 ao

162 1022 189 1085 si
204 1021 312 1084 omnia
326 1042 525 1104 percenseas,
549 1020 639 1084 nulla
653 1023 703 1084 est
718 1042 784 1102 ars,
794 1018 897 1103 qualis
911 1019 1044 1083 inventa
1059 1024 1121 1103 est,

162 1126 223 1169 neo
250 1105 337 1168 intra
363 1105 491 1169 initium
519 1105 623 1168 stetit:
653 1103 717 1168 nisi
742 1105 826 1167 forte
853 1106 964 1167 nostra
994 1104 1123 1187 potissi·

160 1210 248 1252 mum
262 1192 408 1272 tempora
422 1190 610 1257 damnamus
632 1187 725 1252 huius
745 1186 956 1270 infelicitatis,
977 1190 1014 1251 ut
1033 1210 1123 1254 nunc

161 1274 288 1337 demum
308 1272 391 1337 nihil
413 1276 551 1337 crescat:
573 1271 656 1337 nihil
679 1278 784 1335 autem
800 1271 915 1334 crescit
929 1270 997 1334 sola
1014 1271 1123 1336 imita·
1156 1280 1159 1285 '

132 1358 259 1439 9ti0ne.
289 1357 401 1441 quodsi
415 1356 574 1440 prioribus
590 1356 714 1420 adicere
728 1355 779 1424 fas
793 1375 860 1418 non
876 1356 934 1436 est,
951 1374 1013 1501 guo
1027 1356 1124 1421 modo

161 1462 290 1525 sperare
310 1462 477 1524 possumus
488 1441 580 1505 illum
595 1443 753 1504 oratorem
767 1438 946 1522 perfectum
993 1460 1063 1502 oum
1085 1441 1122 1505 in

160 1527 220 1609 his,
243 1546 321 1609 quos
343 1526 499 1589 maximos
520 1525 625 1588 adhuc
645 1523 802 1605 novimus,
829 1543 923 1586 nemo
945 1521 989 1586 sit
1009 1523 1123 1588 inven-

160 1613 229 1691 tus,
258 1609 294 1673 in
321 1631 383 1693 quo
409 1608 492 1674 nihil
519 1612 576 1673 aut
603 1607 798 1672 desideretur
825 1609 882 1670 aut
908 1604 1123 1689 reprehenda-

161 1697 223 1757 tur.
268 1693 441 1758 sedetiam
469 1693 524 1777 qui
551 1714 674 1757 summa
700 1713 767 1756 non
794 1690 961 1775 adpetant,
990 1693 1123 1756 conten·

113 1797 154 1860 10
164 1779 237 1842 dere
258 1778 364 1860 potius
387 1799 481 1860 quam
504 1777 593 1861 sequi
615 1777 743 1840 debent.
782 1797 859 1839 nam
881 1775 935 1857 qui
956 1772 1017 1838 hoc
1039 1775 1133 1859 agit,-

161 1865 198 1925 ut
219 1862 308 1944 prior
329 1860 381 1944 sit,
403 1860 550 1943 forsitan,
573 1860 699 1924 etiamsi
720 1879 786 1922 non
806 1858 982 1941 transierit,
1007 1879 1122 1941 aequa-

161 1945 218 2009 bit.
263 1965 335 2007 eum
356 1965 431 2008 vcro
451 1965 545 2008 nemo
566 1945 673 2026 potest
695 1962 841 2026 aequare,
865 1941 953 2004 cuius
975 1942 1122 2025 vestigiis

162 2028 223 2092 sibi
256 2028 365 2112 utique
395 2026 607 2091 insistendum
639 2027 750 2108 putat:
787 2045 917 2088 neccsse
952 2028 1001 2087 est
1034 2026 1122 2090 enirn

162 2133 286 2195 semper
308 2111 351 2175 sit
369 2110 533 2258 lfosterior
559 2110 614 2193 qui
641 2108 792 2191 sequitur.
837 2105 916 2169 adde
944 2106 1027 2187 quod
1054 2109 1136 2188 ple--

161 2193 609 2344 balthasaris
626 2188 1123 2370 {illlisttffmutdllipitnitl

162 2365 233 2427 dem
255 2366 371 2427 natura
391 2362 427 2426 in
455 2363 517 2426 hoc
544 2361 593 2425 ita
621 2359 784 2441 evaluent,
809 2360 846 2422 ut
874 2377 941 2420 non
961 2379 1013 2421 res
1040 2381 1121 2442 quae

164 2446 344 2510 simillimae
367 2467 508 2531 quaeque
530 2466 624 2529 pares
644 2443 782 2508 maxime
803 2441 987 2525 videantur,
1011 2444 1121 2526 utique

114 2530 344 2597 lldiscrimine
366 2530 472 2614 aliquo
494 2530 727 2594 discernantur.
756 2526 837 2591 adde
851 2526 945 2610 quod,
968 2526 1121 2610 quidquid

163 2613 256 2679 alteri
286 2613 389 2678 simile
417 2617 481 2695 est,
515 2633 645 2678 necesse
673 2613 722 2676 est
747 2611 855 2674 minus
876 2611 920 2673 sit
951 2631 1003 2692 ec,
1036 2610 1121 2694 quod

160 2699 322 2782 imitatur,
345 2700 382 2763 ut
402 2698 515 2762 umbra
537 2717 668 2781 corpore
690 2694 809 2759 etima
832 2714 850 2758 o
872 2694 955 2758 facie
977 2696 1011 2757 et
1030 2697 1121 2759 actus

161 2782 355 2847 histrionum
381 2783 465 2847 veris
499 2781 686 2846 adfectibus.
741 2715 832 2863 quod
855 2777 891 2841 in
924 2778 1121 2842 orationibus

164 2887 288 2950 quoque
311 2865 428 2931 evenit.
458 2887 596 2950 namque
616 2865 667 2949 iis,
691 2862 820 2947 quaein
835 2860 1014 2944 exemplum
1028 2862 1121 2926 adsu-

163 2949 295 3032 mimus,
329 2950 440 3015 subest
465 2952 582 3015 natura
610 2952 643 3013 et
668 2969 744 3012 vera
772 2946 837 3028 vis,
872 2948 984 3009 contra
1016 2947 1120 3010 omnis

161 3033 300 3097 imitatio
320 3033 409 3099 facta
431 3037 480 3098 est
502 3035 535 3098 et
556 3034 595 3097 ad
618 3033 757 3096 alienum
778 3027 977 3113 propositum
999 3051 1121 3094 accom-

114 3117 319 3182 121nodatur.
363 3139 425 3202 quo
446 3118 485 3181 fit
505 3119 542 3180 ut
563 3117 669 3181 minus
691 3113 860 3198 sanguinis
882 3133 920 3176 ac
938 3114 1053 3178 virium
1068 3114 1135 3177 da·

164 3201 369 3265 clamationes
398 3201 542 3265 habeant
570 3221 665 3284 quam
694 3198 865 3279 orationes,
894 3197 978 3280 quod
998 3197 1034 3261 in
1054 3197 1120 3263 illis

162 3307 248 3368 vera,
269 3285 305 3349 in
326 3284 377 3349 his
400 3284 583 3349 adsimilata
605 3283 740 3348 materia
762 3283 820 3346 est.
863 3279 943 3346 adde
964 3281 1048 3364 quod
1069 3302 1118 3363 ca,

160 3389 242 3453 quae
263 3369 299 3433 in
320 3371 447 3435 oratore
471 3369 610 3434 maxima
633 3371 719 3451 sunt,
748 3365 918 3431 imitabilia
942 3386 1008 3429 non
1033 3367 1121 3447 sunt,

68 3672 71 3675 ’
128 3682 353 3844 Λ
